2544 4516
268 610 520 719 ronanus
551 578 628 717 rr
652 626 991 754 enumerans.

107 796 151 851 ru
175 795 300 863 rursu
329 794 570 881 suusnruu
589 797 697 849 arra
720 752 845 854 x‘vru.
870 750 1145 885 ausanium.

92 948 624 1019 mg.Ul.lins12·¹.;pso.sosl·sius.
669 947 685 995 l
861 976 864 980 ·
908 958 914 993 i
1154 955 1163 1012 Ι·

121 1046 156 1059 -
189 1023 274 1074 XLV.
292 1038 340 1089 pro
359 1021 503 1072 scum
519 1018 537 1071 l.
556 1021 709 1074 SCRIP'I’A'.
737 1043 741 1051 ·
895 1040 898 1045 ·
1219 1032 1223 1045 ¹

120 1118 156 1126 -
193 1095 371 1153 15.,not.58.
424 1092 582 1160 roseisque
598 1090 657 1142 Ilio
670 1086 885 1156 legssmflia,
965 1102 1055 1137 ·.·.'··:
1116 1087 1118 1091 ’

120 1186 155 1197 -
192 1167 233 1219 17.
251 1157 359 1218 lin.,12.
389 1208 394 1215 ,
428 1176 471 1210 rue
489 1175 589 1210 comma
606 1169 668 1228 post
685 1177 782 1210 succus
796 1169 904 1227 etpons
921 1155 991 1216 illud
1002 1169 1065 1230 post
1078 1180 1146 1217 sou-

267 1239 395 1280 verterat.
816 1250 819 1257 ’

265 1298 365 1418 mol:
382 1299 426 1356 75.
444 1312 495 1367 pro
514 1311 590 1370 quem
614 1291 634 1346 l.
652 1312 753 1370 quam,
769 1303 841 1348 tum:
868 1296 959 1366 dicto,
984 1317 1055 1370 quas
1075 1319 1147 1356 nme

309 1379 417 1420 eostur·
1184 1388 1188 1401 ¹

120 1461 153 1472 -·-
188 1431 578 1502 25.not.115.lin.9.‚pro
597 1430 936 1504 quadravitl.quadrant.
1129 1491 1133 1499 ,

269 1501 1136 1576 Innot·ll9·Lambiniqomencharactereromanoexprimeudum

120 1599 153 1608 -
188 1568 297 1630 86.1in.
316 1578 342 1632 3.
377 1589 448 1640 pone
461 1572 615 1622 asteriscum
630 1581 692 1621 ante
703 1572 834 1640 Iuppiter.
1032 1566 1040 1577 “

119 1668 152 1677 -
188 1649 230 1699 45.
250 1640 299 1693 lin.
317 1647 343 1701 3.
379 1658 449 1710 pone
463 1641 616 1692 asteriscum
630 1650 692 1689 aute
705 1643 866 1708 regreditur·
906 1648 908 1654 ⁴
1156 1689 1160 1699 ,

116 1735 153 1749 ·-
187 1717 230 1770 49.
248 1722 305 1767 not.
321 1717 364 1770 36.
400 1709 488 1762 sadai
508 1711 598 1760 Barth
623 1709 656 1758 ad
673 1709 700 1759 h.
720 1705 740 1756 l·
763 1710 913 1764 annotavit:
931 1712 1055 1776 „Versus
1076 1733 1150 1785 quos¹

265 1782 345 1840 Ennii
359 1781 466 1830 nomine
479 1778 599 1830 Lutatius
614 1778 687 1839 citat,
696 1774 793 1830 nullius
807 1781 894 1845 miuus
907 1799 985 1848 quam
999 1784 1056 1835 aius
1073 1796 1142 1837 sunt.

266 1852 327 1902 Nisi
340 1847 418 1902 aliter
431 1848 538 1917 quidem
557 1846 756 1899 constituantur·
792 1849 946 1918 Legendum
958 1863 1045 1904 antam
1057 1873 1142 1907 rauco

265 1921 394 1972 insonus
415 1936 479 1970 aera
498 1917 649 1968 cucurrit·“

117 2010 151 2022 -
189 1977 232 2045 67<
249 1985 297 2039 lin.
315 1996 342 2048 2.
378 1989 454 2039 deme
466 1996 594 2055 punctum
608 1993 672 2054 post
684 2003 747 2036 nox.
1207 2034 1210 2040 ,

116 2080 150 2091 -
185 2063 228 2115 69.
246 2059 310 2109 Not.
328 2065 372 2128 39.
407 2056 530 2108 Barthius
547 2065 671 2114 annotat,
688 2054 717 2105 in
733 2055 788 2106 suis
802 2057 960 2112 membranis
979 2055 1053 2127 legis
1077 2062 1141 2113 Crem

263 2146 322 2178 sese
332 2129 451 2179 exsiccat
465 2144 557 2177 somno
568 2123 683 2195 perfusa
696 2125 833 2175 iuvencus.
927 2181 931 2193 Ι

114 2218 148 2228 -
184 2199 226 2251 79.
243 2189 291 2246 liu.
310 2203 336 2254 1.
369 2212 439 2264 pona
455 2194 608 2247 asteriscum
619 2193 834 2247 antastolidum.

114 2287 149 2298 ··-
184 2269 227 2322 88.
243 2260 291 2316 lin.
308 2272 335 2324 4.
369 2265 496 2334 dispone:

472 2359 507 2369 —
543 2333 592 2402 qui
609 2343 674 2382 ante
690 2331 743 2382 hac

404 2397 621 2464 Invidisuuere
638 2403 692 2451 viri
710 2411 760 2452 etc.

261 2469 291 2520 ln
304 2478 360 2520 not.
378 2475 421 2527 22.
456 2481 520 2539 post
535 2471 639 2522 Annal·
657 2470 727 2520 adde
747 2472 840 2520 Ennii.

114 2560 148 2573 -
181 2543 223 2595 86.
241 2549 297 2588 not.
314 2544 359 2596 46.
375 2535 424 2590 lin.
441 2547 468 2598 7.
502 2556 552 2607 pro
562 2542 684 2609 percutit
699 2535 718 2588 l.
756 2542 862 2590 erculs't.

112 2619 148 2641 ’-
181 2613 224 2665 99.
242 2605 290 2658 lin.
307 2614 334 2665 2.
370 2627 418 2672 pro
437 2611 579 2660 tunicatae
597 2559 757 2659 iuventusl.
776 2611 901 2659 tunicata
918 2608 1052 2660 iuvencus.

113 2696 149 2709 ··
166 2682 225 2735 105.
243 2675 291 2727 lin.
308 2683 335 2735 4.
369 2673 389 2727 l.
407 2679 540 2749 Regulus.
558 2672 600 2729 u'd
616 2689 673 2730 not.
692 2684 735 2736 81.
762 2678 847 2729 adde:
873 2679 949 2728 conf.
976 2673 1071 2730 Annal.
1089 2675 1137 2731 Vl.

260 2756 316 2797 not.
333 2751 377 2806 84.
551 2770 557 2779 -

116 2837 150 2848 -
169 2818 228 2872 106.
247 2813 296 2866 lin.
313 2822 339 2872 8.
375 2816 434 2868 Vox
447 2818 500 2868 heu
515 2813 602 2866 literis
618 2815 728 2867 cursivis
743 2814 921 2883 exprimenda.
1125 2867 1126 2870 ,

112 2905 148 2916 ·-
169 2889 226 2942 108.
243 2885 285 2935 Ad
297 2902 388 2936 versus
402 2890 445 2943 95.
464 2884 637 2953 sqq.'adhiba
648 2885 817 2935 novissimam
834 2880 916 2935 Gellii
930 2883 1074 2938 editionem
1087 2884 1136 2937 cri*

261 2954 342 3005 ticam
353 2956 462 3006 Atheni
478 2956 559 3012 Lien,
577 2955 621 3023 qui
641 2971 686 3004 eos
699 2955 738 3004 sic
753 2953 907 3004 constituit:

259 3023 351 3074 Hocce
366 3021 470 3075 locutus
483 3032 574 3084 vocu't,
593 3023 698 3090 quicum
716 3023 783 3073 bene
801 3040 879 3088 saepe
890 3019 1006 3075 libenter

258 3090 377 3143 Mensam
390 3109 577 3160 sermonesque
593 3110 655 3142 suos
672 3110 810 3160 rerumque
823 3107 928 3141 suarum

263 3161 379 3212 Comiter
396 3163 529 3229 impartit,
547 3179 667 3228 magnam
686 3179 744 3211 cum
756 3159 841 3213 lassus
855 3160 910 3210 diei

162 3255 164 3259 π
258 3228 363 3280 Partem
380 3233 506 3293 iuvisset,
526 3231 558 3282 de
578 3231 683 3280 summis
702 3230 779 3280 rebus
791 3229 927 3297 regundis,

259 3295 393 3362 Consilio,
412 3300 476 3350 indu
494 3303 554 3352 foro
572 3297 642 3362 Isto,
662 3310 807 3368 sanctoque
824 3309 926 3362 senatu,

258 3367 307 3418 cni
325 3387 366 3419 res
384 3369 510 3421 audacter
528 3387 635 3436 magnas
651 3372 797 3437 parvasque
812 3370 953 3436 iocumque

255 3433 447 3504 Eloqueretur,
464 3439 549 3490 tincta
567 3436 643 3490 malis
662 3449 689 3489 et
707 3437 774 3506 quae
793 3438 863 3490 bona
880 3438 955 3490 dictu

255 3506 403 3570 Euomeret,
423 3509 444 3558 si
465 3509 511 3576 qui
529 3506 619 3572 vellet,
637 3516 748 3574 tutoque
765 3503 874 3559 locaret.

258 3573 371 3635 Quicum
394 3575 479 3629 multa
495 3575 634 3648 voluptas,
650 3576 745 3644 gaudia
763 3573 880 3644 clamque
896 3572 1046 3646 palamque.

258 3643 404 3708 Ingenium,
424 3647 465 3697 cui
483 3644 557 3699 nulla
578 3644 677 3698 malam
700 3646 830 3696 sententia
847 3645 950 3708 suadet,

256 3713 294 3761 Ut
311 3712 412 3764 faceret
429 3716 548 3779 facinus,
567 3714 647 3778 levis,
664 3716 737 3767 hand
753 3711 852 3778 malus,
871 3715 981 3780 doctus,
999 3711 1096 3778 fidelis,

255 3783 348 3830 Suavis
365 3781 454 3846 homo,
472 3784 676 3848 facundus,⁴euo
695 3794 843 3848 contentus,
863 3783 963 3844 beatus,

256 3850 354 3910 Sellus,
370 3853 485 3906 secunda
501 3851 611 3923 loquens
629 3856 657 3905 in
674 3864 801 3922 tempore,
821 3853 971 3905 commodus
987 3852 1095 3904 verbdm

254 3919 378 3982 Paucum,
395 3917 478 3973 multa
494 3931 596 3987 tenens,
614 3923 730 3991 antiqua,
749 3920 859 3990 sepulta,
877 3932 992 3972 vetustas

255 3991 328 4050 Quae
344 3989 422 4054 facit,
440 3999 467 4040 et
483 4008 570 4043 mores
586 4004 741 4061 veteresque
757 4009 892 4060 novosque
910 4001 1059 4054 tenentem,
1111 4050 1113 4054 7
1188 4002 1194 4015 '

253 4053 396 4108 Multarum
416 4070 534 4111 veterum
551 4056 639 4130 legum
656 4063 804 4130 Divumque
822 4061 1009 4130 hominumque
1026 4089 1027 4093 =

252 4115 425 4192 Prudentem
444 4128 490 4198 qni
507 4126 592 4182 multa
607 4128 682 4201 loqui
693 4138 814 4212 tacereve
830 4139 931 4199 posset,

157 4244 159 4251 .
251 4195 331 4248 Hunc
346 4196 418 4251 inter
432 4216 536 4270 pugnas
554 4195 845 4273 compellatoauttus
862 4199 914 4253 sic.
