2544 4516
400 103 687 214 ιιιιιιιιιιιιι
708 86 894 221 maur..
1048 180 1052 191 „
1122 138 1165 230 ιι

143 304 433 391 e'Proletariu
446 317 644 416 publicitus
660 322 842 424 scutisque
856 325 1009 428 seroque

225 433 387 510 Ornatur
402 438 528 534 lerr03
551 466 695 536 murus,
720 445 937 562 urbemque,
963 446 1209 577 forumque

114 559 173 667 10
224 494 527 695 Ercubiiscurat'¹
684 618 693 637 .
744 625 755 647 .
931 627 941 645 .
995 623 1005 643 .

625 690 660 779 ti

121 822 328 842 ψ

119 923 179 978 lum
193 926 319 996 primum
345 947 411 986 cum
432 935 540 992 Latinis
561 892 651 1012 gerii,
682 951 709 995 et
731 938 866 1010 oppidum
886 939 937 1009 Ap
931 936 999 991 oles
1021 934 1050 989 ιι
1074 936 1159 1007 capit.
1216 936 1220 953 ¹

119 1011 237 1065 Circum
250 1019 366 1073 exstruit
380 1029 409 1074 et
415 1018 523 1076 locarhr
531 1025 630 1079 dividit
642 1026 789 1081 Senatorio
802 1024 988 1095 Equestrique
1005 1021 1158 1077 ordinibus.

118 1096 381 1171 LudosRor'nanos,
403 1107 453 1178 qui
472 1118 501 1162 et
522 1113 620 1183 Magni
638 1112 768 1167 instituit.
797 1112 939 1178 (CXLIV.)
960 1110 1057 1179 Quum
1077 1125 1159 1161 muro

117 1182 228 1252 lapideo
242 1187 342 1240 urbem
357 1190 530 1249 circumdare
544 1209 670 1268 pararet,
694 1196 798 1270 coeptis
814 1196 964 1248 intervenit
984 1193 1091 1246 bellum
1109 1192 1159 1247 Sa-

117 1267 231 1339 binum,
253 1280 312 1326 tam
327 1276 570 1350 subitoexortum‚
592 1293 624 1336 ut
639 1285 717 1354 prius
733 1283 885 1337 transirent
903 1281 1039 1335 Anienem
1059 1279 1159 1342 hostes,

115 1356 205 1425 quem
220 1358 370 1426 prohibere
388 1364 524 1420 exercitus
543 1372 687 1423 Ronrenus
705 1376 805 1441 posset.
849 1368 945 1438 Quum
965 1362 1051 1418 semel
1074 1362 1160 1416 (lubio

116 1438 213 1492 Marte
228 1450 298 1495 esset
310 1458 477 1517 pugnatum,
499 1452 680 1526 recolligendi
692 1472 721 1508 se
735 1454 875 1522 utrimque
888 1448 1018 1507 nonnihil
1027 1445 1161 1519 temporis

115 1523 223 1578 datum
266 1520 435 1601 Tarquinius
454 1537 576 1604 equitem
600 1538 721 1593 maxime
736 1540 791 1592 suia
815 1537 920 1590 viribus
942 1535 1052 1601 deesse,
1073 1550 1161 1603 quum

117 1610 367 1684 animadvertisset,
388 1621 525 1674 centurias
539 1624 667 1693 equitum
682 1634 747 1692 tres,
772 1638 840 1694 quaa
854 1620 992 1676 Romulus
1003 1619 1161 1688 scripserat,

117 1695 260 1766 duplicare
274 1701 373 1754 statuit
379 1702 580 1776 ,iisquenova
595 1711 743 1791 imponere
762 1706 887 1761 nomina.
930 1704 1024 1775 Neget
1046 1702 1075 1755 ιιι
1099 1702 1162 1757 lieri
1208 1771 1212 1780 .

115 1797 196 1849 posse
213 1785 306 1838 Attius
326 1742 432 1842 Νιιιιιι
452 1810 550 1863 augur.
593 1794 681 1852 Rex'
673 1813 715 1848 1re
733 1802 842 1858 motus,
866 1800 957 1844 artem
975 1782 1141 1858 eludens,
1131 1806 1160 1840 ιιι

115 1867 353 1940 experimentum,
377 1890 506 1928 memoret
514 1875 673 1948 ,magnum
687 1878 895 1948 negotiumsihr'
916 1886 1059 1944 superesse
1075 1884 1160 1942 ageri-

115 1952 193 2020 dum,
217 1953 371 2025 divinaret,
399 1959 496 2014 fierine
511 1974 618 2034 posset,
641 1966 716 2037 quod
738 1970 830 2016 mente
847 1967 1033 2028 ,conceperat
1075 1960 1160 2011 Fu'tu-
1224 2014 1226 2029 ¹

100 2054 205 2106 rum,
221 2058 309 2110 quum
335 2043 447 2099 dixisset
471 2066 576 2119 augur,
597 2050 663 2116 ille,
685 2041 741 2102 hoo
763 2048 860 2100 animo
878 2045 1036 2117 agitabam,
1059 2042 1160 2114 inquit,

113 2130 143 2174 te
158 2128 296 2178 novacula
309 2139 402 2181 cotem
418 2131 613 2201 discissarum
637 2141 749 2204 caperet
761 2130 892 2204 igitur'et
906 2134 1060 2200 perageret,
1083 2128 1160 2198 quod

114 2225 178 2274 aves
192 2210 253 2263 lieri
266 2228 345 2281 posse
359 2219 567 2294 portenderant.
597 2219 651 2272 Hic
666 2235 804 2290 augurem
816 2216 920 2286 absque
932 2229 1013 2266 mora
1022 2212 1160 2265 discidisse

50 2324 53 2333 ·
114 2304 209 2348 rotem
222 2297 326 2352 ferunt.
361 2302 487 2371 Auguria
503 2298 596 2356 motuis
607 2321 657 2356 rex
667 2312 726 2356 tres
737 2301 876 2372 prioribus
897 2316 954 2351 ase
968 2297 1072 2350 additas
1081 2296 1159 2366 equi-

113 2387 175 2432 tum
189 2385 330 2437 centurias
346 2386 466 2456 antiquis
479 2389 638 2447 nominibus
655 2388 792 2460 appellat,
814 2384 950 2440 secundos
964 2385 1103 2481 Ramnes,
1111 2378 1159 2465 Ti.

110 2465 177 2541 ties,
200 2470 329 2524 Luceres.
346 2472 441 2538 (CLX)
939 2482 942 2489 '

197 2553 223 2605 8
244 2555 298 2608 Sed
321 2574 377 2606 non
392 2557 498 2610 solum
495 2557 596 2628 copias
608 2577 672 2612 suas
685 2559 822 2615 militares
837 2558 872 2611 eb
888 2557 982 2627 equite
998 2560 1090 2628 auget,
1112 2567 1160 2605 ve·
1224 2551 1233 2559 ”

111 2654 176 2689 runa
191 2639 278 2692 etiam
293 2658 309 2692 a
322 2643 424 2711 pedite.
468 2645 543 2695 Nem
558 2662 645 2714 quum
657 2649 749 2700 Roma
762 2644 799 2698 ad
813 2644 947 2698 Sabinum
961 2641 1070 2693 hostem
1083 2654 1159 2690 sum-
1231 2646 1236 2665 ¹

111 2740 194 2794 mrpe
195 2741 226 2776 re
237 2727 406 2797 treprderet
427 2728 499 2798 regis
512 2728 597 2795 iussu,
623 2718 746 2783 arcubus
757 2731 811 2783 rite
824 2728 970 2799 dispositis,
993 2722 1078 2778 etium
1093 2739 1159 2791 pro·
1245 2731 1248 2739 '

110 2808 251 2861 letario
226 2812 298 2878 orvi,
321 2813 387 2883 qui,
409 2813 509 2886 utpote
519 2831 640 2883 pauper,
664 2815 737 2868 nihil
749 2815 875 2897 alioquin
889 2810 1061 2893 reipublicae
1078 2807 1158 2859 exhi

110 2895 209 2963 hebet,
230 2896 398 2951 aedtautum
418 2899 544 2969 prolem
551 2900 732 2970 subiiciebet,
760 2917 839 2954 amru
859 2898 961 2952 dantur
981 2911 1015 2949 ex
1033 2884 1158 2967 publico.

111 3053 195 3103 tertio
215 3051 301 3103 En'nit'
320 3054 497 3118 Annalium,
515 3055 544 3106 in
564 3057 615 3108 Itos
657 3058 761 3108 sarii
773 3057 848 3107 rives
861 3050 1036 3132 dieebantur,
1061 3051 1110 3137 qui
1128 3049 1158 3101 irs

110 3155 209 3191 uersu:
232 3139 368 3190 Irulesibi
382 3151 615 3204 memoratarum
652 3140 733 3211 plebe
752 3140 913 3192 tenuissimo
934 3151 1031 3203 erant,
1061 3146 1089 3186 et
1104 3152 1157 3186 ιιωι

110 3241 252 3295 superesse
268 3220 395 3294 laborem,
409 3226 427 3276 ι’.
441 3245 463 3276 e.
480 3224 614 3296 reliquum
656 3227 776 3298 emplius
791 3235 874 3296 quam
888 3223 963 3274 mille
979 3234 1007 3274 et
1024 3221 1157 3293 quingen·

109 3327 186 3376 esse,
209 3323 324 3361 restore.
351 3313 449 3363 Monet
463 3309 548 3363 etiam
569 3331 613 3363 su·
656 3314 696 3365 tis
715 3314 789 3367 aeris
813 3312 843 3361 in
863 3327 972 3361 censum
985 3303 1155 3377 deferebant.

104 3380 158 3464 per
179 3413 238 3447 esse
254 3395 341 3448 divise
355 3412 412 3449 esse
426 3398 613 3467 pronunciari·
655 3397 764 3450 Ennius
778 3396 880 3448 Annal.
896 3393 1052 3457 Proletarii,
1069 3402 1100 3442 ut
1104 3408 1156 3460 pu·

109 3478 195 3547 dum,
218 3488 250 3533 ut
271 3481 357 3550 duae,
380 3499 438 3534 non
452 3500 527 3550 una,
549 3500 611 3537 ora·
656 3484 769 3538 blicitue
784 3493 917 3552 scutaque
927 3478 1058 3551 ferrique
1075 3491 1156 3527 oma-

55 3618 59 3634 Ι
108 3564 195 3618 ιιοιιιι
210 3576 305 3636 partes
318 3568 472 3622 videantur.
509 3578 513 3587 '
604 3598 606 3603 ·
656 3583 760 3622 ιιι-
782 3565 894 3618 Falsum
910 3579 976 3630 esse,
993 3560 1067 3633 quod
1084 3575 1154 3612 non-

1145 360 1148 365 ’
1194 348 1205 379 l

152 3650 181 3705 8.
224 3656 454 3708 Proletarius
481 3682 523 3698 ι·-
551 3659 612 3708 cul·
654 3654 724 3707 nulli
738 3651 880 3715 scribunt,
902 3647 1068 3719 proletarios
1082 3643 1183 3715 mul·¹

108 3756 179 3794 rat.
207 3741 311 3794 Gellius
326 3744 396 3794 XVI.
406 3740 431 3791 6.
454 3743 613 3812 legebatur
654 3749 683 3792 to
711 3748 772 3808 post
789 3751 888 3808 regum
912 3744 1042 3802 tempora
1064 3746 1155 3782 arma-

108 3827 196 3879 Ennii
208 3826 277 3878 leber
289 3847 323 3880 es
337 3823 492 3878 Annalibus
503 3830 612 3880 tertius
654 3838 697 3880 tos
729 3824 814 3874 luisse
844 3829 943 3872 contra
970 3819 1062 3870 hostes
1090 3829 1154 3882 pop

107 3914 144 3962 In
177 3915 254 3964 ·Ieo
242 3913 312 3965 libro
342 3929 439 3964 uersus
464 3913 495 3963 lu'
506 3913 611 3984 ‚suem
654 3907 790 3976 Romani,
812 3896 915 3958 evincit
936 3902 1049 3955 Merula
1073 3897 1154 3950 edu.

109 3997 314 4070 Proletariusp.
331 4017 356 4051 s.
365 3997 393 4068 f.
410 4000 440 4046 0.
450 3997 478 4068 f.
495 4016 528 4048 m.
544 4018 571 4052 ιι,
581 3998 611 4070 f.
655 3997 691 4060 l,
728 3994 777 4063 qui
806 4001 887 4044 natos
913 4005 970 4040 esse
990 3986 1039 4036 sub
1055 3981 1154 4036 Servio

110 4083 145 4139 E.
172 4098 264 4141 curor.
275 4110 316 4124 ·-
338 4082 463 4137 Nonius:
485 4085 612 4136 Protea
655 4081 749 4138 Tullio
774 4079 862 4131 docet.
893 4075 936 4127 Ne
956 4080 1051 4126 autem
1071 4084 1155 4140 quem

469 4270 474 4276 '
506 4266 512 4294 l
