<?xml version="1.0" encoding="UTF-8"?>
<!DOCTYPE html PUBLIC "-//W3C//DTD XHTML 1.0 Transitional//EN"
    "http://www.w3.org/TR/xhtml1/DTD/xhtml1-transitional.dtd">
<html xmlns="http://www.w3.org/1999/xhtml" xml:lang="en" lang="en">
 <head>
  <title>
</title>
<meta http-equiv="Content-Type" content="text/html;charset=utf-8" />
  <meta name='ocr-system' content='tesseract 3.04.00' />
  <meta name='ocr-capabilities' content='ocr_page ocr_carea ocr_par ocr_line ocrx_word'/>
</head>
<body>
  <div class='ocr_page' id='page_1' title='image "./quintienniianna00naevgoog_0151.png"; bbox 0 0 2544 4516; ppageno 0'>
   <div class='ocr_carea' id='block_1_1' title="bbox 121 147 930 261">
    <p class='ocr_par' dir='ltr' id='par_1_1' title="bbox 121 147 930 261">
     <span class='ocr_line' id='line_1_1' title="bbox 121 147 930 261; baseline -0.017 -38"><span class='ocrx_word' id='word_1_1' title='bbox 121 152 173 223; x_wconf 80' lang='lat' dir='ltr'><strong>ss</strong></span> <span class='ocrx_word' id='word_1_2' title='bbox 267 166 272 179; x_wconf 50' lang='lat'><em>1</em></span> <span class='ocrx_word' id='word_1_3' title='bbox 587 147 848 261; x_wconf 74' lang='lat' dir='ltr'><strong>ouuuu</strong></span> <span class='ocrx_word' id='word_1_4' title='bbox 924 179 930 209; x_wconf 56' lang='lat'>2</span> 
     </span>
    </p>
   </div>
   <div class='ocr_carea' id='block_1_2' title="bbox 120 287 1172 659">
    <p class='ocr_par' dir='ltr' id='par_1_2' title="bbox 120 287 1172 659">
     <span class='ocr_line' id='line_1_2' title="bbox 120 287 1172 429; baseline 0.009 -34"><span class='ocrx_word' id='word_1_5' title='bbox 120 317 189 403; x_wconf 89' lang='grc'><strong>16</strong></span> <span class='ocrx_word' id='word_1_6' title='bbox 232 317 445 397; x_wconf 82' lang='lat' dir='ltr'><strong>Rureeeunt</strong></span> <span class='ocrx_word' id='word_1_7' title='bbox 458 319 617 397; x_wconf 80' lang='lat' dir='ltr'><strong>frondea</strong></span> <span class='ocrx_word' id='word_1_8' title='bbox 663 377 678 396; x_wconf 87' lang='lat'><strong>.</strong></span> <span class='ocrx_word' id='word_1_9' title='bbox 710 287 742 397; x_wconf 33' lang='grc' dir='ltr'><strong>Ι.</strong></span> <span class='ocrx_word' id='word_1_10' title='bbox 788 323 994 427; x_wconf 71' lang='lat' dir='ltr'><strong>slongique</strong></span> <span class='ocrx_word' id='word_1_11' title='bbox 1007 327 1172 429; x_wconf 81' lang='lat' dir='ltr'><strong>cupressi</strong></span> 
     </span>
     <span class='ocr_line' id='line_1_3' title="bbox 179 437 1117 561; baseline 0.004 -42"><span class='ocrx_word' id='word_1_12' title='bbox 179 452 184 464; x_wconf 84' lang='grc'><em>“</em></span> <span class='ocrx_word' id='word_1_13' title='bbox 230 437 339 531; x_wconf 77' lang='lat' dir='ltr'><strong>Stant</strong></span> <span class='ocrx_word' id='word_1_14' title='bbox 350 441 585 561; x_wconf 75' lang='lat' dir='ltr'><strong>rootisloliir,</strong></span> <span class='ocrx_word' id='word_1_15' title='bbox 611 466 648 520; x_wconf 88' lang='lat' dir='ltr'><strong>et</strong></span> <span class='ocrx_word' id='word_1_16' title='bbox 661 439 784 522; x_wconf 84' lang='lat' dir='ltr'><strong>amero</strong></span> <span class='ocrx_word' id='word_1_17' title='bbox 798 470 952 547; x_wconf 76' lang='lat' dir='ltr'><strong>torpore</strong></span> <span class='ocrx_word' id='word_1_18' title='bbox 968 449 1117 524; x_wconf 86' lang='lat' dir='ltr'><strong>buxum.</strong></span> 
     </span>
     <span class='ocr_line' id='line_1_4' title="bbox 459 570 709 659; baseline 0.004 -12"><span class='ocrx_word' id='word_1_19' title='bbox 459 632 464 647; x_wconf 69' lang='grc'><strong>.</strong></span> <span class='ocrx_word' id='word_1_20' title='bbox 623 570 709 659; x_wconf 50' lang='grc' dir='ltr'><strong>Φ(</strong></span> 
     </span>
    </p>
   </div>
   <div class='ocr_carea' id='block_1_3' title="bbox 60 770 1170 959">
    <p class='ocr_par' dir='ltr' id='par_1_3' title="bbox 60 770 1170 953">
     <span class='ocr_line' id='line_1_5' title="bbox 67 770 1170 865; baseline 0.001 -18"><span class='ocrx_word' id='word_1_21' title='bbox 67 784 69 789; x_wconf 70' lang='grc'><strong>’</strong></span> <span class='ocrx_word' id='word_1_22' title='bbox 124 791 240 865; x_wconf 85' lang='lat' dir='ltr'><strong>gionern</strong></span> <span class='ocrx_word' id='word_1_23' title='bbox 250 770 309 863; x_wconf 84' lang='lat' dir='ltr'><strong>per·</strong></span> <span class='ocrx_word' id='word_1_24' title='bbox 321 808 467 847; x_wconf 88' lang='lat' dir='ltr'><strong>rumorem</strong></span> <span class='ocrx_word' id='word_1_25' title='bbox 481 793 500 847; x_wconf 91' lang='lat' dir='ltr'><strong>i.</strong></span> <span class='ocrx_word' id='word_1_26' title='bbox 514 810 540 847; x_wconf 88' lang='lat' dir='ltr'><strong>o.</strong></span> <span class='ocrx_word' id='word_1_27' title='bbox 554 773 766 850; x_wconf 80' lang='lat' dir='ltr'><strong>auxiliationem</strong></span> <span class='ocrx_word' id='word_1_28' title='bbox 779 797 876 852; x_wconf 89' lang='lat' dir='ltr'><strong>ruinas</strong></span> <span class='ocrx_word' id='word_1_29' title='bbox 889 802 1046 849; x_wconf 84' lang='lat' dir='ltr'><strong>castrorum</strong></span> <span class='ocrx_word' id='word_1_30' title='bbox 1062 790 1170 863; x_wconf 80' lang='lat' dir='ltr'><strong>forsan,</strong></span> 
     </span>
     <span class='ocr_line' id='line_1_6' title="bbox 60 878 1169 959; baseline -0.002 -24"><span class='ocrx_word' id='word_1_31' title='bbox 60 929 69 946; x_wconf 74' lang='grc'><strong><em>,</em></strong></span> <span class='ocrx_word' id='word_1_32' title='bbox 123 886 273 948; x_wconf 78' lang='lat' dir='ltr'><strong>postquem</strong></span> <span class='ocrx_word' id='word_1_33' title='bbox 286 878 415 949; x_wconf 70' lang='lat' dir='ltr'>rediisset</span> <span class='ocrx_word' id='word_1_34' title='bbox 433 879 521 937; x_wconf 80' lang='lat' dir='ltr'><strong>remei</strong></span> <span class='ocrx_word' id='word_1_35' title='bbox 537 881 668 953; x_wconf 80' lang='lat' dir='ltr'><strong>repulse,</strong></span> <span class='ocrx_word' id='word_1_36' title='bbox 689 882 858 953; x_wconf 68' lang='lat' dir='ltr'><strong>ssomdhse,</strong></span> <span class='ocrx_word' id='word_1_37' title='bbox 881 881 968 953; x_wconf 65' lang='lat' dir='ltr'><strong>alter,</strong></span> <span class='ocrx_word' id='word_1_38' title='bbox 988 879 1169 959; x_wconf 75' lang='lat' dir='ltr'><strong>praesidiales</strong></span> 
     </span>
    </p>
   </div>
   <div class='ocr_carea' id='block_1_4' title="bbox 17 963 1168 1036">
    <p class='ocr_par' dir='ltr' id='par_1_4' title="bbox 17 963 1168 1036">
     <span class='ocr_line' id='line_1_7' title="bbox 17 963 1168 1036; baseline 0.001 -20"><span class='ocrx_word' id='word_1_39' title='bbox 17 965 21 973; x_wconf 88' lang='lat'><em>&#39;</em></span> <span class='ocrx_word' id='word_1_40' title='bbox 123 963 249 1017; x_wconf 84' lang='lat' dir='ltr'><strong>obsessae</strong></span> <span class='ocrx_word' id='word_1_41' title='bbox 260 966 403 1018; x_wconf 72' lang='lat' dir='ltr'><strong>Messenae</strong></span> <span class='ocrx_word' id='word_1_42' title='bbox 414 964 534 1033; x_wconf 83' lang='lat' dir='ltr'><strong>milites,</strong></span> <span class='ocrx_word' id='word_1_43' title='bbox 554 967 644 1036; x_wconf 75' lang='lat' dir='ltr'><strong>spolie</strong></span> <span class='ocrx_word' id='word_1_44' title='bbox 661 968 813 1036; x_wconf 75' lang='lat' dir='ltr'><strong>redimisse,</strong></span> <span class='ocrx_word' id='word_1_45' title='bbox 836 967 989 1032; x_wconf 77' lang='lat' dir='ltr'><strong>auxiliante</strong></span> <span class='ocrx_word' id='word_1_46' title='bbox 1000 965 1045 1019; x_wconf 86' lang='lat' dir='ltr'><strong>vel</strong></span> <span class='ocrx_word' id='word_1_47' title='bbox 1055 964 1168 1023; x_wconf 79' lang='lat' dir='ltr'><strong>furente</strong></span> 
     </span>
    </p>
   </div>
   <div class='ocr_carea' id='block_1_5' title="bbox 75 1048 1205 1292">
    <p class='ocr_par' dir='ltr' id='par_1_5' title="bbox 75 1048 1205 1292">
     <span class='ocr_line' id='line_1_8' title="bbox 123 1048 1168 1121; baseline 0.002 -19"><span class='ocrx_word' id='word_1_48' title='bbox 123 1048 301 1120; x_wconf 89' lang='lat' dir='ltr'><strong>populo)-</strong></span> <span class='ocrx_word' id='word_1_49' title='bbox 311 1049 432 1116; x_wconf 86' lang='lat' dir='ltr'><strong>Consul,</strong></span> <span class='ocrx_word' id='word_1_50' title='bbox 459 1050 598 1121; x_wconf 80' lang='lat' dir='ltr'><strong>praesidio</strong></span> <span class='ocrx_word' id='word_1_51' title='bbox 620 1053 766 1115; x_wconf 78' lang='lat' dir='ltr'><strong>Messanae</strong></span> <span class='ocrx_word' id='word_1_52' title='bbox 785 1054 908 1118; x_wconf 79' lang='lat' dir='ltr'><strong>relicto,</strong></span> <span class='ocrx_word' id='word_1_53' title='bbox 926 1053 1080 1113; x_wconf 79' lang='lat' dir='ltr'>Hieronem</span> <span class='ocrx_word' id='word_1_54' title='bbox 1102 1067 1168 1121; x_wconf 88' lang='lat' dir='ltr'><strong>per·</strong></span> 
     </span>
     <span class='ocr_line' id='line_1_9' title="bbox 75 1120 1205 1210; baseline 0.004 -24"><span class='ocrx_word' id='word_1_55' title='bbox 75 1156 85 1167; x_wconf 86' lang='lat'><strong>·</strong></span> <span class='ocrx_word' id='word_1_56' title='bbox 121 1134 291 1206; x_wconf 77' lang='lat' dir='ltr'><strong>tsguimret</strong></span> <span class='ocrx_word' id='word_1_57' title='bbox 304 1134 454 1206; x_wconf 71' lang='lat' dir='ltr'><strong>Spnouses</strong></span> <span class='ocrx_word' id='word_1_58' title='bbox 467 1136 588 1202; x_wconf 71' lang='lat' dir='ltr'><strong>obsidet</strong></span> <span class='ocrx_word' id='word_1_59' title='bbox 616 1120 703 1192; x_wconf 76' lang='lat' dir='ltr'><strong>lirim</strong></span> <span class='ocrx_word' id='word_1_60' title='bbox 718 1147 868 1210; x_wconf 73' lang='lat' dir='ltr'><strong>angustum</strong></span> <span class='ocrx_word' id='word_1_61' title='bbox 883 1136 1019 1190; x_wconf 85' lang='lat' dir='ltr'><strong>adductus</strong></span> <span class='ocrx_word' id='word_1_62' title='bbox 1031 1146 1091 1189; x_wconf 83' lang='lat' dir='ltr'><strong>sete</strong></span> <span class='ocrx_word' id='word_1_63' title='bbox 1104 1153 1168 1191; x_wconf 78' lang='lat' dir='ltr'><strong>eve·</strong></span> <span class='ocrx_word' id='word_1_64' title='bbox 1198 1126 1205 1143; x_wconf 85' lang='lat'><strong><em>‘</em></strong></span> 
     </span>
     <span class='ocr_line' id='line_1_10' title="bbox 124 1218 1167 1292; baseline 0.001 -19"><span class='ocrx_word' id='word_1_65' title='bbox 124 1218 180 1287; x_wconf 86' lang='lat' dir='ltr'><strong>dit,</strong></span> <span class='ocrx_word' id='word_1_66' title='bbox 204 1228 233 1273; x_wconf 91' lang='lat' dir='ltr'><strong>et</strong></span> <span class='ocrx_word' id='word_1_67' title='bbox 245 1220 388 1291; x_wconf 77' lang='lat' dir='ltr'>Rhegium</span> <span class='ocrx_word' id='word_1_68' title='bbox 402 1237 432 1273; x_wconf 90' lang='lat' dir='ltr'><strong>se</strong></span> <span class='ocrx_word' id='word_1_69' title='bbox 444 1221 554 1292; x_wconf 81' lang='lat' dir='ltr'><strong>recipit.</strong></span> <span class='ocrx_word' id='word_1_70' title='bbox 599 1223 711 1279; x_wconf 83' lang='lat' dir='ltr'><strong>Fulvius</strong></span> <span class='ocrx_word' id='word_1_71' title='bbox 728 1240 795 1276; x_wconf 86' lang='lat' dir='ltr'><strong>vero</strong></span> <span class='ocrx_word' id='word_1_72' title='bbox 808 1240 852 1276; x_wconf 88' lang='lat' dir='ltr'><strong>res</strong></span> <span class='ocrx_word' id='word_1_73' title='bbox 868 1221 996 1276; x_wconf 81' lang='lat' dir='ltr'><strong>Etruriae</strong></span> <span class='ocrx_word' id='word_1_74' title='bbox 1011 1221 1167 1291; x_wconf 84' lang='lat' dir='ltr'><strong>componit,</strong></span> 
     </span>
    </p>
   </div>
   <div class='ocr_carea' id='block_1_6' title="bbox 22 1305 1167 1376">
    <p class='ocr_par' dir='ltr' id='par_1_6' title="bbox 22 1305 1167 1376">
     <span class='ocr_line' id='line_1_11' title="bbox 22 1305 1167 1376; baseline 0 -17"><span class='ocrx_word' id='word_1_75' title='bbox 22 1305 29 1320; x_wconf 90' lang='lat'><strong><em>¹</em></strong></span> <span class='ocrx_word' id='word_1_76' title='bbox 123 1313 210 1376; x_wconf 85' lang='lat' dir='ltr'><strong>etque</strong></span> <span class='ocrx_word' id='word_1_77' title='bbox 230 1305 343 1361; x_wconf 75' lang='lat' dir='ltr'><strong>Italiam</strong></span> <span class='ocrx_word' id='word_1_78' title='bbox 366 1305 452 1376; x_wconf 89' lang='lat' dir='ltr'><strong>plene</strong></span> <span class='ocrx_word' id='word_1_79' title='bbox 470 1317 562 1376; x_wconf 82' lang='lat' dir='ltr'><strong>pacet.</strong></span> <span class='ocrx_word' id='word_1_80' title='bbox 603 1312 683 1363; x_wconf 85' lang='lat' dir='ltr'><strong>Anno</strong></span> <span class='ocrx_word' id='word_1_81' title='bbox 706 1311 857 1366; x_wconf 87' lang='lat' dir='ltr'><strong>CCCCXC.</strong></span> <span class='ocrx_word' id='word_1_82' title='bbox 874 1310 949 1362; x_wconf 80' lang='lat' dir='ltr'><strong>Coss.¹</strong></span> <span class='ocrx_word' id='word_1_83' title='bbox 971 1307 1023 1360; x_wconf 89' lang='grc' dir='ltr'><strong>Μ’.</strong></span> <span class='ocrx_word' id='word_1_84' title='bbox 1041 1306 1167 1359; x_wconf 72' lang='lat' dir='ltr'><strong>Valerius</strong></span> 
     </span>
    </p>
   </div>
   <div class='ocr_carea' id='block_1_7' title="bbox 46 1389 1168 2404">
    <p class='ocr_par' dir='ltr' id='par_1_7' title="bbox 46 1389 1168 2232">
     <span class='ocr_line' id='line_1_12' title="bbox 123 1389 1166 1466; baseline 0 -22"><span class='ocrx_word' id='word_1_85' title='bbox 123 1389 267 1444; x_wconf 77' lang='lat' dir='ltr'><strong>Maximus</strong></span> <span class='ocrx_word' id='word_1_86' title='bbox 279 1391 399 1444; x_wconf 70' lang='lat' dir='ltr'><strong>Messala</strong></span> <span class='ocrx_word' id='word_1_87' title='bbox 411 1401 440 1444; x_wconf 90' lang='lat' dir='ltr'><strong>et</strong></span> <span class='ocrx_word' id='word_1_88' title='bbox 451 1389 503 1445; x_wconf 83' lang='grc' dir='ltr'><strong>Μ’.</strong></span> <span class='ocrx_word' id='word_1_89' title='bbox 519 1391 669 1447; x_wconf 87' lang='lat' dir='ltr'><strong>Otteoilius</strong></span> <span class='ocrx_word' id='word_1_90' title='bbox 687 1396 802 1447; x_wconf 79' lang='lat' dir='ltr'><strong>Crassus</strong></span> <span class='ocrx_word' id='word_1_91' title='bbox 821 1395 851 1446; x_wconf 90' lang='lat' dir='ltr'><strong>in</strong></span> <span class='ocrx_word' id='word_1_92' title='bbox 867 1393 993 1446; x_wconf 80' lang='lat' dir='ltr'><strong>Siciliam</strong></span> <span class='ocrx_word' id='word_1_93' title='bbox 1010 1391 1166 1466; x_wconf 83' lang='lat' dir='ltr'><strong>treiioiunt,</strong></span> 
     </span>
     <span class='ocr_line' id='line_1_13' title="bbox 122 1472 1168 1553; baseline 0.001 -26"><span class='ocrx_word' id='word_1_94' title='bbox 122 1492 246 1548; x_wconf 70' lang='lat' dir='ltr'><strong>quorum</strong></span> <span class='ocrx_word' id='word_1_95' title='bbox 263 1475 399 1544; x_wconf 76' lang='lat' dir='ltr'><strong>adventu,</strong></span> <span class='ocrx_word' id='word_1_96' title='bbox 421 1493 487 1531; x_wconf 89' lang='lat' dir='ltr'><strong>oum</strong></span> <span class='ocrx_word' id='word_1_97' title='bbox 500 1477 651 1550; x_wconf 81' lang='lat' dir='ltr'><strong>plereeque</strong></span> <span class='ocrx_word' id='word_1_98' title='bbox 671 1472 947 1551; x_wconf 74' lang='lat' dir='ltr'><strong>Carthaginiensium</strong></span> <span class='ocrx_word' id='word_1_99' title='bbox 962 1475 1046 1531; x_wconf 86' lang='lat' dir='ltr'><strong>urbes</strong></span> <span class='ocrx_word' id='word_1_100' title='bbox 1061 1476 1097 1553; x_wconf 81' lang='lat' dir='ltr'><strong>ad</strong></span> <span class='ocrx_word' id='word_1_101' title='bbox 1110 1481 1168 1535; x_wconf 71' lang='lat' dir='ltr'><strong>Ro·</strong></span> 
     </span>
     <span class='ocr_line' id='line_1_14' title="bbox 117 1560 1167 1636; baseline -0.002 -18"><span class='ocrx_word' id='word_1_102' title='bbox 117 1577 222 1618; x_wconf 75' lang='lat' dir='ltr'><strong>menos</strong></span> <span class='ocrx_word' id='word_1_103' title='bbox 235 1560 385 1629; x_wconf 84' lang='lat' dir='ltr'><strong>deliciunt,</strong></span> <span class='ocrx_word' id='word_1_104' title='bbox 407 1571 472 1615; x_wconf 88' lang='lat' dir='ltr'><strong>tum</strong></span> <span class='ocrx_word' id='word_1_105' title='bbox 487 1563 574 1619; x_wconf 87' lang='lat' dir='ltr'><strong>Hiero</strong></span> <span class='ocrx_word' id='word_1_106' title='bbox 588 1564 697 1636; x_wconf 86' lang='lat' dir='ltr'><strong>proelio</strong></span> <span class='ocrx_word' id='word_1_107' title='bbox 712 1565 839 1631; x_wconf 80' lang='lat' dir='ltr'><strong>fractus,</strong></span> <span class='ocrx_word' id='word_1_108' title='bbox 861 1580 964 1633; x_wconf 78' lang='lat' dir='ltr'><strong>pacem</strong></span> <span class='ocrx_word' id='word_1_109' title='bbox 983 1561 1102 1633; x_wconf 79' lang='lat' dir='ltr'><strong>petitam</strong></span> <span class='ocrx_word' id='word_1_110' title='bbox 1116 1562 1167 1616; x_wconf 90' lang='lat' dir='ltr'><strong>du·</strong></span> 
     </span>
     <span class='ocr_line' id='line_1_15' title="bbox 121 1646 1167 1721; baseline 0 -20"><span class='ocrx_word' id='word_1_111' title='bbox 121 1647 162 1705; x_wconf 84' lang='lat' dir='ltr'><strong>ris</strong></span> <span class='ocrx_word' id='word_1_112' title='bbox 177 1646 383 1700; x_wconf 85' lang='lat' dir='ltr'><strong>conditionibus</strong></span> <span class='ocrx_word' id='word_1_113' title='bbox 394 1647 539 1719; x_wconf 79' lang='lat' dir='ltr'><strong>impetrat.</strong></span> <span class='ocrx_word' id='word_1_114' title='bbox 568 1650 620 1704; x_wconf 88' lang='lat' dir='ltr'><strong>His</strong></span> <span class='ocrx_word' id='word_1_115' title='bbox 632 1649 733 1709; x_wconf 79' lang='lat' dir='ltr'><strong>auditis</strong></span> <span class='ocrx_word' id='word_1_116' title='bbox 751 1649 992 1721; x_wconf 75' lang='lat' dir='ltr'><strong>Carthaginienses</strong></span> <span class='ocrx_word' id='word_1_117' title='bbox 1002 1647 1033 1700; x_wconf 88' lang='lat' dir='ltr'><strong>io</strong></span> <span class='ocrx_word' id='word_1_118' title='bbox 1040 1647 1167 1702; x_wconf 79' lang='lat' dir='ltr'><strong>Siciliane</strong></span> 
     </span>
     <span class='ocr_line' id='line_1_16' title="bbox 121 1727 1166 1807; baseline 0.003 -21"><span class='ocrx_word' id='word_1_119' title='bbox 121 1731 349 1804; x_wconf 84' lang='lat' dir='ltr'><strong>supplementum</strong></span> <span class='ocrx_word' id='word_1_120' title='bbox 361 1727 490 1802; x_wconf 79' lang='lat' dir='ltr'><strong>mittunt,</strong></span> <span class='ocrx_word' id='word_1_121' title='bbox 504 1745 533 1787; x_wconf 90' lang='lat' dir='ltr'><strong>et</strong></span> <span class='ocrx_word' id='word_1_122' title='bbox 544 1736 728 1807; x_wconf 74' lang='lat' dir='ltr'><strong>Agrigentum</strong></span> <span class='ocrx_word' id='word_1_123' title='bbox 738 1745 843 1791; x_wconf 85' lang='lat' dir='ltr'><strong>tenent.</strong></span> <span class='ocrx_word' id='word_1_124' title='bbox 888 1732 1030 1801; x_wconf 73' lang='lat' dir='ltr'><strong>Consules,</strong></span> <span class='ocrx_word' id='word_1_125' title='bbox 1051 1732 1166 1789; x_wconf 79' lang='lat' dir='ltr'><strong>foedere</strong></span> 
     </span>
     <span class='ocr_line' id='line_1_17' title="bbox 121 1817 1166 1895; baseline 0 -22"><span class='ocrx_word' id='word_1_126' title='bbox 121 1834 189 1873; x_wconf 79' lang='lat' dir='ltr'><strong>oum</strong></span> <span class='ocrx_word' id='word_1_127' title='bbox 206 1817 330 1871; x_wconf 78' lang='lat' dir='ltr'><strong>Hierone</strong></span> <span class='ocrx_word' id='word_1_128' title='bbox 348 1818 422 1887; x_wconf 83' lang='lat' dir='ltr'><strong>loto,</strong></span> <span class='ocrx_word' id='word_1_129' title='bbox 459 1819 496 1872; x_wconf 79' lang='lat' dir='ltr'><strong>ol&gt;</strong></span> <span class='ocrx_word' id='word_1_130' title='bbox 516 1820 667 1883; x_wconf 75' lang='lat' dir='ltr'><strong>hibernum</strong></span> <span class='ocrx_word' id='word_1_131' title='bbox 686 1831 796 1895; x_wconf 86' lang='lat' dir='ltr'><strong>tempus</strong></span> <span class='ocrx_word' id='word_1_132' title='bbox 815 1819 958 1889; x_wconf 80' lang='lat' dir='ltr'><strong>Rhegium</strong></span> <span class='ocrx_word' id='word_1_133' title='bbox 976 1827 1166 1873; x_wconf 77' lang='lat' dir='ltr'><strong>revertuntur.</strong></span> 
     </span>
     <span class='ocr_line' id='line_1_18' title="bbox 120 1903 1164 1978; baseline 0.003 -23"><span class='ocrx_word' id='word_1_134' title='bbox 120 1906 204 1961; x_wconf 73' lang='lat' dir='ltr'><strong>Anno</strong></span> <span class='ocrx_word' id='word_1_135' title='bbox 219 1903 384 1957; x_wconf 84' lang='lat' dir='ltr'><strong>CCCCXGI.</strong></span> <span class='ocrx_word' id='word_1_136' title='bbox 406 1905 439 1959; x_wconf 89' lang='lat' dir='ltr'><strong>L.</strong></span> <span class='ocrx_word' id='word_1_137' title='bbox 452 1906 610 1965; x_wconf 78' lang='lat' dir='ltr'><strong>Postumius</strong></span> <span class='ocrx_word' id='word_1_138' title='bbox 630 1907 770 1978; x_wconf 85' lang='lat' dir='ltr'><strong>Megellus</strong></span> <span class='ocrx_word' id='word_1_139' title='bbox 785 1914 813 1958; x_wconf 87' lang='lat' dir='ltr'><strong>et</strong></span> <span class='ocrx_word' id='word_1_140' title='bbox 831 1907 868 1976; x_wconf 89' lang='lat' dir='ltr'><strong>Q.</strong></span> <span class='ocrx_word' id='word_1_141' title='bbox 884 1903 1031 1958; x_wconf 78' lang='lat' dir='ltr'><strong>Mamilius</strong></span> <span class='ocrx_word' id='word_1_142' title='bbox 1044 1903 1164 1973; x_wconf 80' lang='lat' dir='ltr'><strong>Vitulus,</strong></span> 
     </span>
     <span class='ocr_line' id='line_1_19' title="bbox 120 1987 1164 2064; baseline 0.001 -22"><span class='ocrx_word' id='word_1_143' title='bbox 120 1987 153 2042; x_wconf 86' lang='lat' dir='ltr'><strong>in</strong></span> <span class='ocrx_word' id='word_1_144' title='bbox 169 1988 295 2043; x_wconf 83' lang='lat' dir='ltr'><strong>Siciliam</strong></span> <span class='ocrx_word' id='word_1_145' title='bbox 309 1989 444 2060; x_wconf 83' lang='lat' dir='ltr'><strong>proiecti,</strong></span> <span class='ocrx_word' id='word_1_146' title='bbox 465 1992 664 2064; x_wconf 74' lang='lat' dir='ltr'><strong>Agrigentum,</strong></span> <span class='ocrx_word' id='word_1_147' title='bbox 684 1993 759 2063; x_wconf 84' lang='lat' dir='ltr'><strong>quod</strong></span> <span class='ocrx_word' id='word_1_148' title='bbox 773 2011 791 2047; x_wconf 89' lang='lat' dir='ltr'><strong>a</strong></span> <span class='ocrx_word' id='word_1_149' title='bbox 805 1991 964 2043; x_wconf 85' lang='lat' dir='ltr'><strong>Poenorum</strong></span> <span class='ocrx_word' id='word_1_150' title='bbox 984 1988 1054 2041; x_wconf 83' lang='lat' dir='ltr'><strong>duce</strong></span> <span class='ocrx_word' id='word_1_151' title='bbox 1076 1989 1164 2043; x_wconf 85' lang='lat' dir='ltr'><strong>Anni-</strong></span> 
     </span>
     <span class='ocr_line' id='line_1_20' title="bbox 46 2072 1165 2148; baseline -0.002 -20"><span class='ocrx_word' id='word_1_152' title='bbox 46 2134 49 2139; x_wconf 55' lang='grc'><strong>,</strong></span> <span class='ocrx_word' id='word_1_153' title='bbox 120 2072 359 2143; x_wconf 78' lang='lat' dir='ltr'><strong>beletenelsrtur,</strong></span> <span class='ocrx_word' id='word_1_154' title='bbox 381 2075 521 2132; x_wconf 87' lang='lat' dir='ltr'><strong>obsident.</strong></span> <span class='ocrx_word' id='word_1_155' title='bbox 564 2077 651 2130; x_wconf 87' lang='lat' dir='ltr'><strong>Poeni</strong></span> <span class='ocrx_word' id='word_1_156' title='bbox 667 2077 743 2131; x_wconf 82' lang='lat' dir='ltr'><strong>ieme</strong></span> <span class='ocrx_word' id='word_1_157' title='bbox 757 2075 898 2148; x_wconf 80' lang='lat' dir='ltr'><strong>oppressi,</strong></span> <span class='ocrx_word' id='word_1_158' title='bbox 920 2074 1115 2141; x_wconf 73' lang='lat' dir='ltr'><strong>edsumtnem</strong></span> <span class='ocrx_word' id='word_1_159' title='bbox 1123 2072 1165 2126; x_wconf 89' lang='lat' dir='ltr'><strong>di-</strong></span> 
     </span>
     <span class='ocr_line' id='line_1_21' title="bbox 68 2154 1163 2232; baseline -0.004 -17"><span class='ocrx_word' id='word_1_160' title='bbox 68 2188 94 2217; x_wconf 79' lang='lat'><strong>·‚</strong></span> <span class='ocrx_word' id='word_1_161' title='bbox 120 2159 305 2219; x_wconf 68' lang='lat' dir='ltr'><strong>nicanorem</strong></span> <span class='ocrx_word' id='word_1_162' title='bbox 317 2176 407 2230; x_wconf 82' lang='lat' dir='ltr'><strong>quum</strong></span> <span class='ocrx_word' id='word_1_163' title='bbox 419 2161 574 2230; x_wconf 77' lang='lat' dir='ltr'><strong>venissent,</strong></span> <span class='ocrx_word' id='word_1_164' title='bbox 595 2162 756 2219; x_wconf 79' lang='lat' dir='ltr'><strong>vincuntur.</strong></span> <span class='ocrx_word' id='word_1_165' title='bbox 799 2154 1002 2232; x_wconf 68' lang='lat' dir='ltr'><strong>Agrigentum,</strong></span> <span class='ocrx_word' id='word_1_166' title='bbox 1023 2157 1163 2231; x_wconf 68' lang='lat' dir='ltr'><strong>praesidio</strong></span> 
     </span>
    </p>

    <p class='ocr_par' dir='ltr' id='par_1_8' title="bbox 119 2244 1153 2404">
     <span class='ocr_line' id='line_1_22' title="bbox 119 2244 1050 2346; baseline -0.003 -47"><span class='ocrx_word' id='word_1_167' title='bbox 119 2246 281 2305; x_wconf 78' lang='lat' dir='ltr'><strong>Poenorum</strong></span> <span class='ocrx_word' id='word_1_168' title='bbox 293 2244 369 2298; x_wconf 83' lang='lat' dir='ltr'><strong>olens</strong></span> <span class='ocrx_word' id='word_1_169' title='bbox 384 2261 516 2317; x_wconf 86' lang='lat' dir='ltr'><strong>egresso,</strong></span> <span class='ocrx_word' id='word_1_170' title='bbox 537 2247 567 2300; x_wconf 89' lang='lat' dir='ltr'><strong>in</strong></span> <span class='ocrx_word' id='word_1_171' title='bbox 582 2257 746 2346; x_wconf 81' lang='lat' dir='ltr'><strong>potestatem</strong></span> <span class='ocrx_word' id='word_1_172' title='bbox 759 2249 951 2303; x_wconf 77' lang='lat' dir='ltr'><strong>Romanorum</strong></span> <span class='ocrx_word' id='word_1_173' title='bbox 963 2245 1050 2299; x_wconf 78' lang='lat' dir='ltr'><strong>veuit.</strong></span> 
     </span>
     <span class='ocr_line' id='line_1_23' title="bbox 205 2329 1161 2404; baseline -0.004 -18"><span class='ocrx_word' id='word_1_174' title='bbox 205 2329 250 2386; x_wconf 77' lang='lat'><strong>2⁵.</strong></span> <span class='ocrx_word' id='word_1_175' title='bbox 274 2332 381 2401; x_wconf 85' lang='lat' dir='ltr'><strong>Quarto</strong></span> <span class='ocrx_word' id='word_1_176' title='bbox 393 2348 468 2385; x_wconf 83' lang='lat' dir='ltr'><strong>enno</strong></span> <span class='ocrx_word' id='word_1_177' title='bbox 482 2332 550 2387; x_wconf 89' lang='lat' dir='ltr'><strong>helii</strong></span> <span class='ocrx_word' id='word_1_178' title='bbox 568 2333 668 2387; x_wconf 86' lang='lat' dir='ltr'><strong>Punici</strong></span> <span class='ocrx_word' id='word_1_179' title='bbox 682 2332 768 2404; x_wconf 88' lang='lat' dir='ltr'><strong>primi</strong></span> <span class='ocrx_word' id='word_1_180' title='bbox 788 2330 1008 2401; x_wconf 86' lang='lat' dir='ltr'><strong>(CCCCXCIX.)</strong></span> <span class='ocrx_word' id='word_1_181' title='bbox 1028 2331 1105 2384; x_wconf 86' lang='lat' dir='ltr'><strong>Coss.</strong></span> <span class='ocrx_word' id='word_1_182' title='bbox 1128 2329 1161 2385; x_wconf 85' lang='grc' dir='ltr'><strong>Ι.</strong></span> 
     </span>
    </p>
   </div>
   <div class='ocr_carea' id='block_1_8' title="bbox 22 2414 1162 2487">
    <p class='ocr_par' dir='ltr' id='par_1_9' title="bbox 22 2414 1162 2487">
     <span class='ocr_line' id='line_1_24' title="bbox 22 2414 1162 2487; baseline -0.001 -17"><span class='ocrx_word' id='word_1_183' title='bbox 22 2424 26 2437; x_wconf 89' lang='grc'>·</span> <span class='ocrx_word' id='word_1_184' title='bbox 118 2417 231 2470; x_wconf 70' lang='lat' dir='ltr'><strong>Valerio</strong></span> <span class='ocrx_word' id='word_1_185' title='bbox 244 2417 361 2485; x_wconf 79' lang='lat' dir='ltr'><strong>Flaooo,</strong></span> <span class='ocrx_word' id='word_1_186' title='bbox 382 2418 415 2473; x_wconf 88' lang='lat' dir='ltr'><strong>T.</strong></span> <span class='ocrx_word' id='word_1_187' title='bbox 433 2418 558 2479; x_wconf 66' lang='lat' dir='ltr'><strong>Otacilio</strong></span> <span class='ocrx_word' id='word_1_188' title='bbox 573 2421 688 2487; x_wconf 87' lang='lat' dir='ltr'><strong>Crasso,</strong></span> <span class='ocrx_word' id='word_1_189' title='bbox 710 2416 940 2479; x_wconf 86' lang='lat' dir='ltr'><strong>novusdileotus</strong></span> <span class='ocrx_word' id='word_1_190' title='bbox 945 2414 1162 2511; x_wconf 80' lang='lat' dir='ltr'><strong>ahS.1&gt;.Q..1t</strong></span> 
     </span>
    </p>
   </div>
   <div class='ocr_carea' id='block_1_9' title="bbox 56 2484 1168 2745">
    <p class='ocr_par' dir='ltr' id='par_1_10' title="bbox 56 2484 1168 2745">
     <span class='ocr_line' id='line_1_25' title="bbox 56 2484 1168 2575; baseline 0.002 -24"><span class='ocrx_word' id='word_1_191' title='bbox 56 2540 60 2551; x_wconf 93' lang='lat'><strong>.</strong></span> <span class='ocrx_word' id='word_1_192' title='bbox 117 2500 288 2556; x_wconf 79' lang='lat' dir='ltr'><strong>insiciliam</strong></span> <span class='ocrx_word' id='word_1_193' title='bbox 303 2501 437 2561; x_wconf 90' lang='lat' dir='ltr'><strong>mittitur</strong></span> <span class='ocrx_word' id='word_1_194' title='bbox 481 2503 601 2558; x_wconf 79' lang='lat' dir='ltr'><strong>Romani</strong></span> <span class='ocrx_word' id='word_1_195' title='bbox 623 2505 771 2575; x_wconf 84' lang='lat' dir='ltr'><strong>plerasque</strong></span> <span class='ocrx_word' id='word_1_196' title='bbox 788 2500 1006 2554; x_wconf 78' lang='lat' dir='ltr'><strong>mediterraneos</strong></span> <span class='ocrx_word' id='word_1_197' title='bbox 1026 2484 1168 2569; x_wconf 74' lang='lat' dir='ltr'><strong>civitatee,</strong></span> 
     </span>
     <span class='ocr_line' id='line_1_26' title="bbox 118 2584 1162 2663; baseline -0.002 -23"><span class='ocrx_word' id='word_1_198' title='bbox 118 2586 292 2663; x_wconf 76' lang='lat' dir='ltr'><strong>pedestrium</strong></span> <span class='ocrx_word' id='word_1_199' title='bbox 305 2587 455 2657; x_wconf 79' lang='lat' dir='ltr'><strong>copiarum</strong></span> <span class='ocrx_word' id='word_1_200' title='bbox 466 2597 553 2654; x_wconf 84' lang='lat' dir='ltr'><strong>metu,</strong></span> <span class='ocrx_word' id='word_1_201' title='bbox 576 2589 662 2642; x_wconf 89' lang='lat' dir='ltr'><strong>Poeni</strong></span> <span class='ocrx_word' id='word_1_202' title='bbox 679 2606 746 2643; x_wconf 87' lang='lat' dir='ltr'><strong>rero</strong></span> <span class='ocrx_word' id='word_1_203' title='bbox 758 2586 925 2653; x_wconf 78' lang='lat' dir='ltr'><strong>maritimas,</strong></span> <span class='ocrx_word' id='word_1_204' title='bbox 949 2584 1042 2638; x_wconf 74' lang='lat' dir='ltr'><strong>classis</strong></span> <span class='ocrx_word' id='word_1_205' title='bbox 1053 2594 1162 2640; x_wconf 85' lang='lat' dir='ltr'><strong>terrore</strong></span> 
     </span>
     <span class='ocr_line' id='line_1_27' title="bbox 118 2666 1161 2745; baseline -0.001 -21"><span class='ocrx_word' id='word_1_206' title='bbox 118 2670 195 2726; x_wconf 82' lang='lat' dir='ltr'><strong>adse</strong></span> <span class='ocrx_word' id='word_1_207' title='bbox 208 2673 335 2728; x_wconf 80' lang='lat' dir='ltr'><strong>trahunt·</strong></span> <span class='ocrx_word' id='word_1_208' title='bbox 378 2670 412 2725; x_wconf 86' lang='lat' dir='ltr'><strong>Id</strong></span> <span class='ocrx_word' id='word_1_209' title='bbox 430 2689 517 2745; x_wconf 83' lang='lat' dir='ltr'><strong>quum</strong></span> <span class='ocrx_word' id='word_1_210' title='bbox 538 2674 662 2741; x_wconf 76' lang='lat' dir='ltr'><strong>Romani</strong></span> <span class='ocrx_word' id='word_1_211' title='bbox 680 2671 956 2741; x_wconf 75' lang='lat' dir='ltr'><strong>animadvertissent,</strong></span> <span class='ocrx_word' id='word_1_212' title='bbox 981 2668 1108 2725; x_wconf 82' lang='lat' dir='ltr'><strong>animum</strong></span> <span class='ocrx_word' id='word_1_213' title='bbox 1126 2666 1161 2724; x_wconf 81' lang='lat' dir='ltr'><strong>sd</strong></span> 
     </span>
    </p>
   </div>
   <div class='ocr_carea' id='block_1_10' title="bbox 111 2891 1163 3484">
    <p class='ocr_par' dir='ltr' id='par_1_11' title="bbox 111 2891 1163 3484">
     <span class='ocr_line' id='line_1_28' title="bbox 160 2891 1162 2970; baseline -0.005 -19"><span class='ocrx_word' id='word_1_214' title='bbox 160 2895 203 2951; x_wconf 76' lang='lat'><strong>25.</strong></span> <span class='ocrx_word' id='word_1_215' title='bbox 224 2897 618 2970; x_wconf 75' lang='lat' dir='ltr'><strong>Rurssountsrundss.</strong></span> <span class='ocrx_word' id='word_1_216' title='bbox 659 2891 1016 2967; x_wconf 74' lang='lat' dir='ltr'><strong>son.inMonosyllab.··-</strong></span> <span class='ocrx_word' id='word_1_217' title='bbox 1040 2891 1162 2967; x_wconf 77' lang='lat' dir='ltr'><strong>populeo</strong></span> 
     </span>
     <span class='ocr_line' id='line_1_29' title="bbox 119 2981 731 3056; baseline 0.002 -22"><span class='ocrx_word' id='word_1_218' title='bbox 119 2981 264 3034; x_wconf 63' lang='lat' dir='ltr'><strong>Charisius</strong></span> <span class='ocrx_word' id='word_1_219' title='bbox 288 2981 338 3035; x_wconf 87' lang='lat' dir='ltr'><strong>lib.</strong></span> <span class='ocrx_word' id='word_1_220' title='bbox 367 2983 389 3035; x_wconf 89' lang='grc' dir='ltr'><strong>Ι.</strong></span> <span class='ocrx_word' id='word_1_221' title='bbox 417 2985 507 3052; x_wconf 76' lang='lat' dir='ltr'><strong>Prus,</strong></span> <span class='ocrx_word' id='word_1_222' title='bbox 535 2985 619 3037; x_wconf 82' lang='lat' dir='ltr'><strong>huius</strong></span> <span class='ocrx_word' id='word_1_223' title='bbox 652 2983 731 3056; x_wconf 83' lang='lat' dir='ltr'><strong>frus.</strong></span> 
     </span>
     <span class='ocr_line' id='line_1_30' title="bbox 111 3065 1161 3141; baseline -0.004 -22"><span class='ocrx_word' id='word_1_224' title='bbox 111 3066 246 3140; x_wconf 74' lang='lat' dir='ltr'><strong>frondis,</strong></span> <span class='ocrx_word' id='word_1_225' title='bbox 272 3067 343 3139; x_wconf 80' lang='lat' dir='ltr'><strong>quod</strong></span> <span class='ocrx_word' id='word_1_226' title='bbox 362 3068 618 3122; x_wconf 77' lang='lat' dir='ltr'><strong>sioabEnniosst</strong></span> <span class='ocrx_word' id='word_1_227' title='bbox 700 3069 893 3141; x_wconf 77' lang='lat' dir='ltr'><strong>Longiqus</strong></span> <span class='ocrx_word' id='word_1_228' title='bbox 919 3065 1086 3137; x_wconf 80' lang='lat' dir='ltr'><strong>cupressi</strong></span> <span class='ocrx_word' id='word_1_229' title='bbox 1115 3088 1161 3105; x_wconf 88' lang='lat'><strong>--</strong></span> 
     </span>
     <span class='ocr_line' id='line_1_31' title="bbox 118 3146 1162 3227; baseline -0.006 -22"><span class='ocrx_word' id='word_1_230' title='bbox 118 3152 285 3206; x_wconf 79' lang='lat' dir='ltr'><strong>declinatum</strong></span> <span class='ocrx_word' id='word_1_231' title='bbox 297 3153 445 3206; x_wconf 80' lang='lat' dir='ltr'><strong>Annalium</strong></span> <span class='ocrx_word' id='word_1_232' title='bbox 459 3157 618 3227; x_wconf 80' lang='lat' dir='ltr'><strong>libroeepti-</strong></span> <span class='ocrx_word' id='word_1_233' title='bbox 659 3155 798 3206; x_wconf 80' lang='lat' dir='ltr'><strong>buxum.</strong></span> <span class='ocrx_word' id='word_1_234' title='bbox 825 3153 988 3222; x_wconf 77' lang='lat' dir='ltr'><strong>Philargyr.</strong></span> <span class='ocrx_word' id='word_1_235' title='bbox 1015 3147 1051 3200; x_wconf 85' lang='lat' dir='ltr'><strong>ed</strong></span> <span class='ocrx_word' id='word_1_236' title='bbox 1061 3146 1162 3219; x_wconf 72' lang='lat' dir='ltr'><strong>virgil.</strong></span> 
     </span>
     <span class='ocr_line' id='line_1_32' title="bbox 117 3220 1162 3310; baseline -0.004 -19"><span class='ocrx_word' id='word_1_237' title='bbox 117 3240 176 3291; x_wconf 75' lang='lat' dir='ltr'><strong>&#39;mot</strong></span> <span class='ocrx_word' id='word_1_238' title='bbox 192 3238 616 3310; x_wconf 77' lang='lat' dir='ltr'><strong>Ruresountfrundes—Vulgo</strong></span> <span class='ocrx_word' id='word_1_239' title='bbox 658 3240 763 3310; x_wconf 82' lang='lat' dir='ltr'><strong>Georg.</strong></span> <span class='ocrx_word' id='word_1_240' title='bbox 777 3240 820 3291; x_wconf 88' lang='lat'><strong>11.</strong></span> <span class='ocrx_word' id='word_1_241' title='bbox 839 3233 901 3290; x_wconf 76' lang='grc'><strong>449.</strong></span> <span class='ocrx_word' id='word_1_242' title='bbox 930 3239 1040 3287; x_wconf 77' lang='lat' dir='ltr'><strong>Durum</strong></span> <span class='ocrx_word' id='word_1_243' title='bbox 1053 3220 1162 3304; x_wconf 60' lang='lat' dir='ltr'><strong>lignu&#39;m</strong></span> 
     </span>
     <span class='ocr_line' id='line_1_33' title="bbox 111 3319 1161 3396; baseline -0.005 -21"><span class='ocrx_word' id='word_1_244' title='bbox 111 3320 532 3396; x_wconf 73' lang='lat' dir='ltr'><strong>frons,sror1dir.Ruresount,</strong></span> <span class='ocrx_word' id='word_1_245' title='bbox 553 3342 617 3378; x_wconf 86' lang='lat' dir='ltr'><strong>ver·</strong></span> <span class='ocrx_word' id='word_1_246' title='bbox 659 3325 810 3396; x_wconf 79' lang='lat' dir='ltr'><strong>Virgilius,</strong></span> <span class='ocrx_word' id='word_1_247' title='bbox 844 3340 900 3375; x_wconf 85' lang='lat' dir='ltr'><strong>non</strong></span> <span class='ocrx_word' id='word_1_248' title='bbox 928 3319 1052 3372; x_wconf 82' lang='lat' dir='ltr'><strong>arborem</strong></span> <span class='ocrx_word' id='word_1_249' title='bbox 1078 3320 1161 3386; x_wconf 81' lang='lat' dir='ltr'><strong>tiirit,</strong></span> 
     </span>
     <span class='ocr_line' id='line_1_34' title="bbox 115 3402 1163 3484; baseline -0.007 -22"><span class='ocrx_word' id='word_1_250' title='bbox 115 3402 185 3462; x_wconf 79' lang='lat' dir='ltr'><strong>itum</strong></span> <span class='ocrx_word' id='word_1_251' title='bbox 205 3408 315 3479; x_wconf 87' lang='lat' dir='ltr'><strong>penitus</strong></span> <span class='ocrx_word' id='word_1_252' title='bbox 334 3409 501 3466; x_wconf 83' lang='lat' dir='ltr'><strong>obsoletum.</strong></span> <span class='ocrx_word' id='word_1_253' title='bbox 527 3411 617 3464; x_wconf 76' lang='lat' dir='ltr'><strong>Gouo-</strong></span> <span class='ocrx_word' id='word_1_254' title='bbox 658 3411 785 3484; x_wconf 81' lang='lat' dir='ltr'><strong>quamvis</strong></span> <span class='ocrx_word' id='word_1_255' title='bbox 801 3407 888 3462; x_wconf 80' lang='lat' dir='ltr'><strong>Ennii</strong></span> <span class='ocrx_word' id='word_1_256' title='bbox 907 3404 1028 3476; x_wconf 74' lang='lat' dir='ltr'><strong>exemplo</strong></span> <span class='ocrx_word' id='word_1_257' title='bbox 1039 3416 1068 3456; x_wconf 79' lang='lat' dir='ltr'><strong>et</strong></span> <span class='ocrx_word' id='word_1_258' title='bbox 1080 3403 1163 3456; x_wconf 75' lang='lat' dir='ltr'><strong>orbo·</strong></span> 
     </span>
    </p>
   </div>
   <div class='ocr_carea' id='block_1_11' title="bbox 11 3492 1181 3655">
    <p class='ocr_par' dir='ltr' id='par_1_12' title="bbox 11 3492 1181 3655">
     <span class='ocr_line' id='line_1_35' title="bbox 26 3492 1181 3567; baseline -0.003 -21"><span class='ocrx_word' id='word_1_259' title='bbox 26 3520 55 3537; x_wconf 58' lang='lat' dir='ltr'>w</span> <span class='ocrx_word' id='word_1_260' title='bbox 115 3508 185 3546; x_wconf 73' lang='lat' dir='ltr'><strong>mos.</strong></span> <span class='ocrx_word' id='word_1_261' title='bbox 233 3492 359 3564; x_wconf 79' lang='lat' dir='ltr'><strong>Scaliger</strong></span> <span class='ocrx_word' id='word_1_262' title='bbox 376 3509 523 3550; x_wconf 84' lang='lat' dir='ltr'><strong>rarescunt</strong></span> <span class='ocrx_word' id='word_1_263' title='bbox 545 3495 617 3567; x_wconf 81' lang='lat' dir='ltr'><strong>legit</strong></span> <span class='ocrx_word' id='word_1_264' title='bbox 657 3512 714 3550; x_wconf 87' lang='lat' dir='ltr'><strong>rsm</strong></span> <span class='ocrx_word' id='word_1_265' title='bbox 726 3494 850 3566; x_wconf 80' lang='lat' dir='ltr'><strong>potuerit</strong></span> <span class='ocrx_word' id='word_1_266' title='bbox 865 3492 969 3558; x_wconf 82' lang='lat' dir='ltr'><strong>diosrs,</strong></span> <span class='ocrx_word' id='word_1_267' title='bbox 997 3502 1096 3542; x_wconf 81' lang='lat' dir='ltr'><strong>neutro</strong></span> <span class='ocrx_word' id='word_1_268' title='bbox 1110 3507 1181 3560; x_wconf 74' lang='lat' dir='ltr'><strong>ge·¹</strong></span> 
     </span>
     <span class='ocr_line' id='line_1_36' title="bbox 11 3575 1163 3655; baseline -0.004 -22"><span class='ocrx_word' id='word_1_269' title='bbox 11 3582 16 3589; x_wconf 86' lang='lat'>&#39;</span> <span class='ocrx_word' id='word_1_270' title='bbox 115 3576 248 3655; x_wconf 74' lang='lat' dir='ltr'><strong>hocloco,</strong></span> <span class='ocrx_word' id='word_1_271' title='bbox 258 3576 409 3648; x_wconf 79' lang='lat' dir='ltr'><strong>eleganter.</strong></span> <span class='ocrx_word' id='word_1_272' title='bbox 430 3582 547 3635; x_wconf 82' lang='lat' dir='ltr'><strong>Volebat</strong></span> <span class='ocrx_word' id='word_1_273' title='bbox 556 3582 615 3634; x_wconf 81' lang='lat' dir='ltr'><strong>for·</strong></span> <span class='ocrx_word' id='word_1_274' title='bbox 657 3600 730 3634; x_wconf 85' lang='lat' dir='ltr'><strong>nere.</strong></span> <span class='ocrx_word' id='word_1_275' title='bbox 760 3578 812 3630; x_wconf 85' lang='lat' dir='ltr'><strong>Ille</strong></span> <span class='ocrx_word' id='word_1_276' title='bbox 829 3580 901 3630; x_wconf 85' lang='lat' dir='ltr'><strong>enim</strong></span> <span class='ocrx_word' id='word_1_277' title='bbox 923 3577 965 3628; x_wconf 88' lang='lat' dir='ltr'><strong>sic</strong></span> <span class='ocrx_word' id='word_1_278' title='bbox 983 3576 1013 3626; x_wconf 83' lang='lat' dir='ltr'><strong>in</strong></span> <span class='ocrx_word' id='word_1_279' title='bbox 1027 3575 1163 3644; x_wconf 76' lang='lat' dir='ltr'><strong>septimo:</strong></span> 
     </span>
    </p>
   </div>
   <div class='ocr_carea' id='block_1_12' title="bbox 45 3659 1164 4079">
    <p class='ocr_par' dir='ltr' id='par_1_13' title="bbox 45 3659 1164 4079">
     <span class='ocr_line' id='line_1_37' title="bbox 115 3659 1163 3737; baseline -0.004 -21"><span class='ocrx_word' id='word_1_280' title='bbox 115 3660 184 3716; x_wconf 74' lang='lat' dir='ltr'><strong>seen</strong></span> <span class='ocrx_word' id='word_1_281' title='bbox 200 3660 256 3715; x_wconf 86' lang='lat' dir='ltr'><strong>hoo</strong></span> <span class='ocrx_word' id='word_1_282' title='bbox 266 3663 391 3737; x_wconf 77' lang='lat' dir='ltr'><strong>Ennius,</strong></span> <span class='ocrx_word' id='word_1_283' title='bbox 412 3675 520 3721; x_wconf 82' lang='lat' dir='ltr'><strong>tentem</strong></span> <span class='ocrx_word' id='word_1_284' title='bbox 534 3667 617 3720; x_wconf 86' lang='lat' dir='ltr'><strong>erbo·</strong></span> <span class='ocrx_word' id='word_1_285' title='bbox 656 3692 699 3707; x_wconf 91' lang='lat'><em>-</em></span> <span class='ocrx_word' id='word_1_286' title='bbox 712 3665 842 3736; x_wconf 78' lang='lat' dir='ltr'><strong>longique</strong></span> <span class='ocrx_word' id='word_1_287' title='bbox 855 3664 980 3734; x_wconf 81' lang='lat' dir='ltr'><strong>cupressi</strong></span> <span class='ocrx_word' id='word_1_288' title='bbox 992 3661 1077 3711; x_wconf 76' lang='lat' dir='ltr'><strong>Stant</strong></span> <span class='ocrx_word' id='word_1_289' title='bbox 1088 3679 1112 3713; x_wconf 84' lang='grc' dir='ltr'><strong>ι.</strong></span> <span class='ocrx_word' id='word_1_290' title='bbox 1128 3659 1163 3732; x_wconf 87' lang='lat' dir='ltr'><strong>f.</strong></span> 
     </span>
     <span class='ocr_line' id='line_1_38' title="bbox 101 3744 1164 3819; baseline -0.01 -11"><span class='ocrx_word' id='word_1_291' title='bbox 101 3762 182 3808; x_wconf 78' lang='lat' dir='ltr'><strong>,rum</strong></span> <span class='ocrx_word' id='word_1_292' title='bbox 202 3747 314 3817; x_wconf 78' lang='lat' dir='ltr'><strong>copiam</strong></span> <span class='ocrx_word' id='word_1_293' title='bbox 329 3748 371 3802; x_wconf 82' lang='lat' dir='ltr'><strong>&#39;eb</strong></span> <span class='ocrx_word' id='word_1_294' title='bbox 386 3753 521 3807; x_wconf 82' lang='lat' dir='ltr'><strong>Romanis</strong></span> <span class='ocrx_word' id='word_1_295' title='bbox 533 3753 619 3806; x_wconf 85' lang='lat' dir='ltr'><strong>fuisse</strong></span> <span class='ocrx_word' id='word_1_296' title='bbox 660 3765 688 3805; x_wconf 81' lang='lat' dir='ltr'><strong>es</strong></span> <span class='ocrx_word' id='word_1_297' title='bbox 702 3768 799 3802; x_wconf 81' lang='lat' dir='ltr'><strong>amaro</strong></span> <span class='ocrx_word' id='word_1_298' title='bbox 815 3746 1041 3819; x_wconf 71' lang='lat' dir='ltr'><strong>corporatorum.</strong></span> <span class='ocrx_word' id='word_1_299' title='bbox 1053 3744 1164 3798; x_wconf 58' lang='lat' dir='ltr'><strong>Potuit,</strong></span> 
     </span>
     <span class='ocr_line' id='line_1_39' title="bbox 113 3829 1164 3908; baseline -0.005 -22"><span class='ocrx_word' id='word_1_300' title='bbox 113 3833 259 3904; x_wconf 81' lang='lat' dir='ltr'><strong>perendse</strong></span> <span class='ocrx_word' id='word_1_301' title='bbox 275 3832 355 3887; x_wconf 81' lang='lat' dir='ltr'><strong>olasei</strong></span> <span class='ocrx_word' id='word_1_302' title='bbox 370 3840 499 3907; x_wconf 82' lang='lat' dir='ltr'><strong>excisam,</strong></span> <span class='ocrx_word' id='word_1_303' title='bbox 515 3846 548 3891; x_wconf 89' lang='lat' dir='ltr'><strong>ut</strong></span> <span class='ocrx_word' id='word_1_304' title='bbox 563 3838 618 3908; x_wconf 80' lang='lat' dir='ltr'><strong>syl·</strong></span> <span class='ocrx_word' id='word_1_305' title='bbox 659 3844 703 3889; x_wconf 89' lang='lat' dir='ltr'><strong>set</strong></span> <span class='ocrx_word' id='word_1_306' title='bbox 717 3835 771 3888; x_wconf 90' lang='lat' dir='ltr'><strong>hoo</strong></span> <span class='ocrx_word' id='word_1_307' title='bbox 784 3835 976 3905; x_wconf 84' lang='lat' dir='ltr'><strong>fragmentum</strong></span> <span class='ocrx_word' id='word_1_308' title='bbox 984 3829 1164 3883; x_wconf 82' lang='lat' dir='ltr'><strong>etsemintel</strong></span> 
     </span>
     <span class='ocr_line' id='line_1_40' title="bbox 45 3901 1164 3997; baseline -0.004 -24"><span class='ocrx_word' id='word_1_309' title='bbox 45 3901 69 3925; x_wconf 45' lang='lat'><strong>&#39;⁸</strong></span> <span class='ocrx_word' id='word_1_310' title='bbox 114 3933 166 3973; x_wconf 83' lang='lat' dir='ltr'><strong>ves</strong></span> <span class='ocrx_word' id='word_1_311' title='bbox 179 3920 262 3988; x_wconf 84' lang='lat' dir='ltr'><strong>(quae</strong></span> <span class='ocrx_word' id='word_1_312' title='bbox 281 3923 484 3993; x_wconf 73' lang='grc' dir='ltr'><strong>συνεκδοχικῶς</strong></span> <span class='ocrx_word' id='word_1_313' title='bbox 493 3923 618 3997; x_wconf 81' lang='lat' dir='ltr'><strong>frundss</strong></span> <span class='ocrx_word' id='word_1_314' title='bbox 658 3921 710 3993; x_wconf 83' lang='lat' dir='ltr'><strong>ligi</strong></span> <span class='ocrx_word' id='word_1_315' title='bbox 729 3920 763 3973; x_wconf 89' lang='lat' dir='ltr'><strong>de</strong></span> <span class='ocrx_word' id='word_1_316' title='bbox 782 3928 882 3991; x_wconf 87' lang='lat' dir='ltr'><strong>parata</strong></span> <span class='ocrx_word' id='word_1_317' title='bbox 904 3925 933 3970; x_wconf 87' lang='lat' dir='ltr'><strong>et</strong></span> <span class='ocrx_word' id='word_1_318' title='bbox 950 3924 1041 3970; x_wconf 77' lang='lat' dir='ltr'><strong>sterne</strong></span> <span class='ocrx_word' id='word_1_319' title='bbox 1055 3915 1114 3967; x_wconf 85' lang='lat' dir='ltr'><strong>iam</strong></span> <span class='ocrx_word' id='word_1_320' title='bbox 1128 3914 1164 3969; x_wconf 86' lang='lat' dir='ltr'><strong>in</strong></span> 
     </span>
     <span class='ocr_line' id='line_1_41' title="bbox 45 3987 1164 4079; baseline -0.004 -24"><span class='ocrx_word' id='word_1_321' title='bbox 45 4032 48 4042; x_wconf 78' lang='lat'>‹</span> <span class='ocrx_word' id='word_1_322' title='bbox 114 4001 170 4055; x_wconf 84' lang='lat' dir='ltr'><strong>hoo</strong></span> <span class='ocrx_word' id='word_1_323' title='bbox 182 4004 259 4073; x_wconf 87' lang='lat' dir='ltr'><strong>loco)</strong></span> <span class='ocrx_word' id='word_1_324' title='bbox 271 4023 392 4063; x_wconf 77' lang='lat' dir='ltr'><strong>rariores</strong></span> <span class='ocrx_word' id='word_1_325' title='bbox 399 4011 505 4064; x_wconf 80' lang='lat' dir='ltr'><strong>fuerint</strong></span> <span class='ocrx_word' id='word_1_326' title='bbox 512 4011 615 4064; x_wconf 84' lang='lat' dir='ltr'><strong>feotae</strong></span> <span class='ocrx_word' id='word_1_327' title='bbox 657 4015 741 4079; x_wconf 88' lang='lat' dir='ltr'><strong>portu</strong></span> <span class='ocrx_word' id='word_1_328' title='bbox 749 4022 823 4060; x_wconf 86' lang='lat' dir='ltr'><strong>nove</strong></span> <span class='ocrx_word' id='word_1_329' title='bbox 837 4013 933 4056; x_wconf 87' lang='lat' dir='ltr'><strong>oontrs</strong></span> <span class='ocrx_word' id='word_1_330' title='bbox 947 4003 1053 4054; x_wconf 79' lang='lat' dir='ltr'><strong>Poenos</strong></span> <span class='ocrx_word' id='word_1_331' title='bbox 1063 3987 1164 4072; x_wconf 74' lang='lat' dir='ltr'><strong>olosse,</strong></span> 
     </span>
    </p>
   </div>
   <div class='ocr_carea' id='block_1_13' title="bbox 66 4084 1164 4176">
    <p class='ocr_par' dir='ltr' id='par_1_14' title="bbox 66 4084 1164 4176">
     <span class='ocr_line' id='line_1_42' title="bbox 66 4084 1164 4176; baseline -0.006 -29"><span class='ocrx_word' id='word_1_332' title='bbox 66 4107 67 4112; x_wconf 50' lang='lat'>¹</span> <span class='ocrx_word' id='word_1_333' title='bbox 114 4088 247 4147; x_wconf 72' lang='lat' dir='ltr'><strong>Mum.</strong></span> <span class='ocrx_word' id='word_1_334' title='bbox 274 4090 352 4146; x_wconf 83' lang='lat' dir='ltr'><strong>Alibi</strong></span> <span class='ocrx_word' id='word_1_335' title='bbox 368 4095 475 4176; x_wconf 84' lang='lat' dir='ltr'><strong>Enniur</strong></span> <span class='ocrx_word' id='word_1_336' title='bbox 494 4112 543 4168; x_wconf 79' lang='lat' dir='ltr'><strong>op.</strong></span> <span class='ocrx_word' id='word_1_337' title='bbox 558 4095 615 4148; x_wconf 84' lang='lat' dir='ltr'><strong>Au·</strong></span> <span class='ocrx_word' id='word_1_338' title='bbox 657 4108 731 4167; x_wconf 80' lang='lat' dir='ltr'><strong>quae</strong></span> <span class='ocrx_word' id='word_1_339' title='bbox 752 4099 832 4146; x_wconf 84' lang='lat' dir='ltr'><strong>tants</strong></span> <span class='ocrx_word' id='word_1_340' title='bbox 852 4087 997 4143; x_wconf 84' lang='lat' dir='ltr'><strong>eeleritate</strong></span> <span class='ocrx_word' id='word_1_341' title='bbox 1021 4084 1164 4155; x_wconf 67' lang='lat' dir='ltr'><strong>eorem,</strong></span> 
     </span>
    </p>
   </div>
   <div class='ocr_carea' id='block_1_14' title="bbox 0 0 1276 4516">
    <p class='ocr_par' dir='ltr' id='par_1_15' title="bbox 0 0 1276 4516">
     <span class='ocr_line' id='line_1_43' title="bbox 0 0 1276 4516; baseline 0 2"><span class='ocrx_word' id='word_1_342' title='bbox 0 0 1276 4516; x_wconf 95' lang='lat' dir='ltr'><strong> </strong></span> 
     </span>
    </p>
   </div>
  </div>
 </body>
</html>
