2544 4516
780 249 844 324 *v
990 173 995 186 ·
1084 229 1151 291 217

115 385 502 491 Prpstant'Li'psiae
533 410 569 463 et
597 386 905 496 Hennenses
924 383 978 493 'in
1009 386 1161 476 libraria*

521 489 730 619 Hahniana:
746 565 750 571 .

161 651 190 712 1.
221 641 388 710 Tabula
421 635 659 711 itineraria
690 642 1043 734 Peutiugeriana‚
1077 647 1151 734 pri-

198 749 297 795 mum
318 730 389 793 aeri
416 730 516 796 incisa
540 741 575 795 et
604 729 726 795 editas
749 727 862 793 Fraus.
878 726 1080 818 -Christoph.
1102 732 1152 796 de

200 813 367 900 Soheyb
382 817 688 900 1755,'dcuuocum
709 814 828 878 Codice
842 812 1035 879 Vindoboni
1046 815 1152 902 colla·
1187 888 1190 899 ι

197 908 242 977 ta,
263 901 452 983 emendata:
469 912 510 973 et·
529 900 717 973 Conradi
747 898 966 965 Mannsrti
991 901 1151 965 introdu-
1174 941 1182 949 ·

198 979 487 1066 ctioneinstr'uslit,
496 987 608 1061 studio
630 999 664 1052 et
689 1007 793 1074 opera
814 982 1059 1049 Academiae
1080 985 1152 1050 lit-

199 1077 387 1137 terarum
401 1069 852 1160 Regiae'Monaceusis.
871 1075 963 1138 1824.
980 1067 1042 1135 fol.
1058 1093 1150 1137 max.

147 1191 178 1240 ln
191 1189 308 1257 paranda
323 1191 375 1244 lrac
391 1204 460 1249 nost
480 1204 544 1263 post
560 1194 719 1263 Scheybiunr
736 1188 845 1253 tabulae
858 1188 1076 1257 Peutingerianse
1091 1192 1152 1243 edi-

111 1260 186 1310 tione
204 1261 317 1326 primum
335 1262 364 1313 id
382 1265 470 1331 operis
488 1265 539 1316 sibi
557 1275 707 1316 sumserunt
724 1263 867 1326 ‚Editores,
886 1271 916 1312 ut
935 1259 1076 1313 duodecim
1095 1262 1152 1313 eius

112 1338 247 1395 segmenta
262 1346 321 1382 cnm
334 1328 496 1401 autographo
511 1326 872 1386 Vindoboni'coiterrentur.
906 1331 968 1382 Non
980 1337 1063 1398 pauca
1081 1332 1151 1382 enim

111 1414 128 1449 a
150 1393 359 1466 chalcographo,
384 1403 427 1453 cui
448 1404 593 1472 Scheybius
611 1395 693 1455 omne
713 1402 847 1469 negotium
862 1401 1048 1464 mandaverat,
1065 1401 1151 1450 minus

110 1477 233 1518 accurate
245 1485 260 1518 e
274 1470 350 1519 Msto
362 1469 390 1520 in
402 1467 505 1522 tabulas
524 1489 618 1522 aeneas
636 1468 765 1522 translata
781 1480 866 1533 erant,
885 1487 1032 1537 quanquam
1048 1471 1151 1538 Schey-

110 1535 169 1585 bius
185 1536 242 1603 ipse
253 1539 474 1590 accuratissimam
493 1537 657 1607 diligentiam
679 1542 814 1607 professus
833 1549 917 1598 esset,
936 1535 1068 1589 etliterae
1082 1539 1151 1590 ami-
1212 1567 1219 1575 ³

111 1622 202 1655 corum
216 1605 299 1673 ipsius
313 1606 437 1659 editionis
452 1610 581 1675 praefixae
593 1628 720 1659 summam
736 1610 791 1658 eius
807 1609 835 1659 iu
849 1608 921 1658 omni
939 1607 990 1659 hac
1005 1624 1085 1674 opera
1105 1608 1150 1659 di-

111 1671 253 1741 ligentiam
277 1684 304 1726 et
320 1680 459 1728 maximum
473 1679 632 1748 Scheybiani
649 1674 803 1744 exemplaris
821 1695 880 1728 eum
898 1676 957 1743 ipso
971 1676 1069 1727 Codice
1082 1695 1150 1728 con-

110 1761 215 1793 sensum
225 1754 394 1796 testarentur.
430 1750 513 1809 Quam
525 1746 598 1813 larga
612 1765 730 1798 errorum
742 1749 833 1798 messis
846 1746 941 1809 fuerit,
958 1746 1088 1814 praefatio
1102 1747 1152 1798 do·

111 1823 167 1872 cet3
187 1810 284 1863 sublati
297 1811 339 1864 illi
350 1816 377 1865 in
392 1815 442 1868 hac
454 1817 550 1867 iterata
561 1817 687 1868 editione.
722 1811 829 1867 Praeter
846 1817 914 1866 hanc
934 1815 1018 1884 ipsius
1033 1813 1151 1868 Tabulas

57 1898 59 1901 ’
108 1880 209 1931 incisae
223 1882 431 1935 emendationem
448 1886 500 1937 hoc
514 1904 619 1954 quoque
634 1885 776 1936 curandum
793 1894 952 1936 censuerunt
963 1885 1102 1950 Editores,
1120 1896 1151 1938 ut

110 1966 187 2016 quarn
201 1951 344 2020 Scheybius
359 1954 501 2021 scripserat
516 1956 751 2018 introductionem,
771 1956 827 2006 eius
841 1952 901 2008 loco
916 1971 984 2004 nova
994 1965 1149 2021 poneretur,

109 2020 226 2086 quaehis
239 2023 416 2090 temporibus,
436 2035 462 2074 et
478 2025 622 2092 priscarum
635 2021 771 2074 literarum
786 2025 870 2075 Genio
887 2023 967 2089 digna
981 2033 1058 2075 esset.
1090 2026 1150 2075 Hoc

87 2147 91 2151 ‚
108 2090 328 2142 inuuerefunctus
341 2089 534 2144 illustrissimus
545 2097 596 2144 Ma
604 2113 621 2143 n
631 2113 645 2144 n
654 2112 667 2143 e
677 2102 748 2143 rtus
758 2133 774 2158 ,
784 2111 831 2160 per
851 2093 961 2160 triginta
974 2111 1057 2144 annos
1074 2095 1149 2146 Geo-

107 2158 234 2223 graphiae
252 2160 350 2210 veteris
368 2163 549 2229 sagacissimus
567 2173 762 2231 perscrutator,
780 2165 818 2213 ita
839 2172 869 2212 ut
880 2178 958 2212 uenio
977 2159 1019 2212 illi
1032 2180 1080 2230 par
1092 2180 1149 2215 esss

107 2227 238 2276 videatur.
256 2227 369 2279 Additus
383 2232 491 2300 insuper
502 2231 586 2283 Index
600 2231 786 2300 Scheyliianus,
801 2231 911 2284 adiectis
925 2232 1074 2283 nominibus
1091 2250 1149 2285 cor·

107 2295 197 2360 rectis,
213 2313 324 2364 quorum
335 2316 456 2367 magnam
465 2313 568 2370 partem
582 2303 673 2365 luisse,
686 2303 827 2352 asteriscus
840 2301 873 2351 iis
884 2301 1015 2368 praefixus
1027 2301 1114 2353 docet.
1187 2329 1189 2338 ·

149 2437 181 2498 2.
197 2431 239 2512 Q.
252 2432 423 2512 Horatii
437 2435 580 2503 Flacci
595 2460 615 2502 o
633 2429 642 2449 ’
657 2448 730 2502 era‘
743 2437 878 2503 omnia
895 2410 1148 2502 recensuitetil-

191 2516 344 2584 lustravit
361 2520 606 2587 Fridericus
665 2522 743 2589 uit.
770 2522 967 2606 Docriug.
990 2521 1167 2587 ll.V01u-'

192 2602 293 2685 mina,
312 2627 462 2694 quorum
474 2609 568 2696 prius
583 2608 652 2672 iam
664 2608 760 2671 tertia
775 2608 842 2672 vice
856 2606 992 2695 prodit3
1013 2607 1048 2670 iu
1064 2617 1146 2678 8v0.

141 2723 241 2776 Textns
262 2724 290 2777 in
317 2726 367 2780 hae
389 2726 585 2796 elegantissima
613 2730 732 2780 editione
754 2728 841 2780 denuo
869 2731 1037 2795 recognitus,
1060 2728 1098 2781 ita
1117 2741 1148 2782 ut

107 2809 187 2861 qnam
203 2795 416 2849 emendatissime
429 2800 569 2866 prodierit,
582 2796 740 2849 lectionibus
751 2796 893 2865 diligenter
905 2798 1026 2861 excrrssis,
1042 2807 1069 2849 et
1083 2818 1148 2868 quae

107 2872 160 2913 tarn
172 2859 288 2930 linguae,
307 2882 385 2932 quum
398 2878 493 2935 poetae
505 2868 612 2935 ingenio
629 2868 909 2935 maximerespondere
927 2868 1088 2930 viderentur,
1102 2887 1147 2920 re-

107 2931 199 2998 ceptis.
235 2932 316 2994 Quod
337 2934 372 2985 ad
393 2936 638 3004 interpretationem
660 2938 767 2995 attinet,
787 2937 858 2987 omni
881 2954 943 2986 cura
963 2946 990 2986 et
1008 2937 1096 2988 studio
1118 2939 1152 2990 in¹

107 3015 138 3048 ea
153 3009 271 3052 versatus
285 3010 326 3052 est
341 3003 450 3068 Editor,
468 3003 603 3073 multaque
617 3003 677 3057 loca
692 3004 844 3056 difficiliora
860 3024 928 3056 nova
946 3006 990 3056 uia
1007 3004 1148 3074 explanare

106 3067 216 3131 studuit,
232 3069 262 3119 id
274 3079 362 3123 tamen
374 3073 425 3123 sibi
441 3091 600 3141 proponens,
619 3085 647 3124 ut
658 3076 789 3126 tironibus
804 3075 931 3141 imprimis
947 3084 974 3125 et
995 3077 1147 3128 cointio·

106 3135 387 3193 rumliterarum
405 3140 612 3194 cultoribus
638 3142 697 3211 plus
725 3140 875 3213 consultum
890 3143 956 3202 iret,
984 3162 1059 3212 quam
1081 3147 1146 3197 viris

107 3204 194 3255 doctis
206 3205 370 3277 philologiae
386 3210 474 3262 studio
489 3213 595 3264 omnino
609 3212 732 3265 addictis.
767 3216 835 3266 Nam
847 3213 875 3263 in
891 3212 985 3280 quibus
1010 3214 1161 3267 doctrinas

104 3270 171 3325 alias
183 3271 242 3327 laus
257 3289 284 3328 et
298 3281 373 3348 copia
388 3282 459 3332 cerni
472 3292 499 3331 et
515 3283 616 3334 censeri
631 3281 714 3344 solet,
732 3283 760 3334 in
775 3284 808 3334 iis
825 3283 877 3333 fuit
890 3281 1007 3346 brevior,
1025 3293 1052 3334 at
1063 3283 1090 3334 in
1103 3285 1146 3348 iis,
1185 3305 1188 3309 ’
1237 3323 1239 3327 -

105 3360 174 3410 quae
186 3344 220 3395 ad
234 3357 331 3414 poetas
345 3351 457 3401 virtutes
469 3361 495 3401 et
509 3351 654 3402 sententias
665 3353 782 3419 penitius
794 3351 990 3420 perspiciendas
1004 3355 1091 3404 faeere
1106 3358 1146 3405 ri·
1241 3362 1244 3367 ’

104 3413 412 3535 ἆθῐουῐῠν,ὤοορίοοὶοτ,
431 3419 550 3491 adeoque
563 3414 687 3474 utilitatis
700 3423 784 3490 magis
801 3440 879 3491 quam
897 3417 998 3489 gloriae
1014 3423 1146 3476 interdum

103 3499 187 3533 ranae
200 3492 243 3533 stu
272 3502 342 3540 osus,

147 3611 180 3672 8.
215 3602 384 3670 Nonius
421 3609 649 3676 Marcellus
676 3610 726 3675 de
755 3610 1028 3699 proprietate
1056 3633 1147 3676 scr-

195 3710 379 3755 monum.
407 3693 546 3760 Additus
564 3696 874 3782 est'Fulgcntius
896 3695 1145 3760 Planciadcs
1195 3706 1205 3715 ‘

191 3772 348 3860 deprisco
363 3799 526 3859 sermone,
538 3793 568 3845 et
576 3794 674 3847 notae
686 3783 720 3844 in
728 3781 878 3846 Nonium
887 3792 919 3844 et
931 3779 1145 3868 Fulgentium

119 3863 121 3895 ¹
191 3857 328 3924 losiac
348 3860 459 3927 Mero
470 3866 560 3930 erii.
582 3867 632 3930 Ad
647 3867 825 3932 editionem
839 3866 1052 3931 Parisienscm
1066 3868 1144 3931 aursi

189 3950 281 4039 tull:
334 3965 414 4041 uam
436 3947 631 4044 'fidelissime
659 3951 905 4040 repraesentati.
936 3951 1068 4017 Adiecta
1096 3966 1143 4018 cst

187 4039 304 4092 notitia
344 4042 473 4097 teraris.
495 4043 583 4104 8vo.
1014 4093 1017 4098 Α

138 4146 259 4201 Omnium
266 4151 357 4212 Nonii,
369 4156 588 4220 praestantissimi
601 4173 665 4210 sans
673 4157 1009 4224 Grammatici,editiousm
1018 4160 1153 4226 saum

94 4217 238 4291 lautusque
246 4229 275 4300 ct
286 4217 523 4280 celebratissimum
534 4243 603 4312 asse,
610 4246 692 4302 quam
700 4229 954 4287 insinuassem
965 4227 1172 4289 custumes»
