2544 4516
524 149 619 241 Q
634 148 815 240 anun·

266 371 644 412 ,..t·.'..
699 392 707 409 .
761 332 972 447 intereafax

199 455 410 527 Occidit
463 513 471 528 .
522 507 537 529 ,.
590 507 661 527 .,.
714 509 722 522 .
776 509 848 569 „3
923 554 928 561 ι

95 646 211 719 ·25
266 698 273 712 .
328 699 335 714 .
514 692 588 715 ...
638 659 819 741 tappetem
1127 694 1197 719 ..

264 820 413 904 Coeluin
427 826 612 927 prospexit
627 751 739 900 stillis
751 800 976 932 fulgentibus
990 826 1115 927 aptum
1157 900 1160 905 ,

294 956 296 960 ·
667 939 701 1006 d

161 1057 366 1073 ..ῃ-ιιι·-

161 1112 202 1176 dit
219 1102 312 1177 farte
303 1135 379 1180 mter
392 1126 610 1197 regiosiuvanes
625 1125 659 1180 de
672 1115 806 1180 uxoribus
820 1095 934 1179 mentio.
976 1125 1061 1179 Suam
1079 1125 1197 1197 quisque

159 1210 256 1262 laudat
269 1212 348 1264 miris
369 1213 468 1264 modis.
511 1202 666 1264 Collatirins
686 1202 787 1282 negat,
808 1211 900 1264 ‘verbis
920 1196 990 1281 opus
1008 1227 1080 1276 esse,
1101 1213 1198 1280 paucis

159 1294 189 1346 id
206 1295 282 1348 horis
301 1297 366 1348 sciri
388 1313 483 1367 posse,
511 1305 647 1366 quantum
670 1287 785 1349 caeteris
807 1312 856 1348 sua
880 1304 1035 1364 praestaret
1054 1297 1197 1348 Lucretia.

143 1379 258 1434 ·c1tans
272 1382 348 1452 equis
361 1379 483 1435 Romam
494 1381 651 1447 consolant,
673 1381 738 1434 inde
749 1389 870 1452 pergunt
884 1380 1042 1434 Collatiam.
1084 1380 1200 1433 Inveni.

159 1472 206 1516 tur
217 1467 348 1519 Lucretia
361 1484 422 1521 sera
432 1456 535 1536 nocte,
556 1466 632 1520 inter
645 1464 824 1520 lucubrantes
841 1466 957 1519 ancillas
967 1465 1050 1518 lanae
1062 1451 1179 1517 dedita
1169 1474 1198 1518 et

107 1614 110 1625 Ι
160 1528 269 1602 habiles
284 1544 378 1603 radios
389 1553 444 1621 filo
461 1553 565 1621 gracili
578 1553 722 1606 deducens.
755 1554 842 1606 Penes
856 1551 934 1604 illam
950 1551 1011 1603 laus
1022 1559 1120 1602 manet
1133 1560 1197 1603 mu·

158 1634 255 1688 liebris
267 1637 436 1693 certaminis.
459 1638 557 1713 Virum
569 1637 617 1689 illa
632 1637 879 1708 etragiosiuvenes
890 1635 1011 1706 benigne
1026 1635 1138 1706 excipit.
1149 1635 1196 1687 Ibi

158 1721 272 1773 Sextum
285 1723 470 1792 Tarquinium
484 1722 558 1775 mala
566 1721 731 1792 stuprandae
740 1694 823 1792 pair
796 1736 854 1774 vim
861 1721 1006 1774 Lucretiae
1012 1716 1100 1773 hbrdo
1112 1719 1200 1790 capit.-

242 1805 286 1860 23.
308 1807 349 1858 Ab
364 1808 515 1861 cartamine
533 1808 646 1861 iuvenes
664 1809 693 1859 in
711 1815 803 1861 castra
822 1807 947 1860 redeunt.
990 1805 1087 1858 Paucis
1107 1804 1196 1858 inter·
1211 1874 1214 1879 ι

157 1891 236 1942 iactis
250 1891 345 1944 diebus
358 1892 455 1946 Sextus
468 1891 645 1962 Tarquinius,
667 1892 756 1945 inscio
770 1891 909 1947 Collatino
925 1908 992 1943 cum
1015 1890 1119 1943 comita
1137 1907 1196 1943 uno

157 1968 410 2031 Collatiam'rediit.
452 1981 571 2032 Paratur
581 1993 677 2029 rursus
689 1978 732 2029 illi
745 1978 900 2047 benignum
916 1975 1077 2045 hospitium.
1120 1978 1196 2028 Inte·

157 2080 205 2113 rea
218 2063 261 2112 sol
275 2064 387 2128 occidit,
411 2073 475 2133 post
487 2080 605 2116 coenam
618 2061 742 2115 cubitum
760 2061 914 2115 deducitur.
956 2063 1060 2113 Amore
1084 2048 1194 2128 ardens,

155 2144 241 2199 noct'u
260 2165 348 2218 qutun
370 2149 477 2201 videret
488 2147 584 2201 omnia
595 2156 669 2216 tuta,
691 2148 788 2200 stricto
801 2146 894 2218 gladio
909 2145 1029 2216 proripit
1043 2162 1071 2197 se
1088 2145 1123 2198 ad
1136 2146 1195 2198 Luss

155 2232 283 2286 aretiam.
325 2235 438 2287 Fatetur
453 2234 492 2286 ibi
508 2249 647 2301 amorem,
669 2234 836 2287 obstinatam
850 2232 969 2302 reperit,
992 2231 1091 2282 miscet
1102 2220 1203 2300 preat>

154 2317 206 2398 lupa
218 2318 317 2385 minas,
340 2312 416 2371 addit
430 2319 465 2370 ad
478 2329 587 2372 metum
602 2318 733 2390 dedecus,
757 2336 823 2370 cum
836 2326 950 2370 mortua
962 2315 1122 2387 iugulatum
1135 2331 1194 2368 sar-

154 2402 339 2473 vumxnudum
353 2414 382 2455 se
396 2405 551 2473 positurum
568 2405 621 2479 ait,
644 2413 675 2456 ut
691 2404 721 2457 in
732 2403 843 2455 sordido
863 2402 998 2455 adulterio
1017 2407 1119 2453 necata
1133 2417 1193 2454 esse

56 2542 59 2553 Ι
154 2485 303 2539 diceretur.
318 2492 379 2541 Hoc
393 2497 501 2542 terrare
513 2489 601 2541 vincit
615 2487 780 2541 obstinatam
800 2487 963 2557 pudicitiam
976 2485 1076 2538 victrix
1094 2485 1192 2539 libido.

153 2571 197 2624 25.
226 2573 260 2623 In
284 2583 423 2642 tappetem
440 2573 600 2625 Lucretiam
625 2574 745 2627 revolvit
764 2573 948 2641 Tarquinius,
977 2571 1004 2623 ei
1022 2571 1082 2622 vim
1095 2569 1191 2624 infert.

152 2658 264 2727 Patrato
277 2656 380 2708 scolere
394 2657 425 2709 in
437 2666 528 2718 castra¹
541 2658 624 2710 redit.
665 2659 708 2710 26.
730 2659 790 2710 Nec
802 2657 925 2710 inultum
940 2657 989 2709 diu
1003 2655 1103 2712 scelus.
1135 2657 1192 2709 Lu·

152 2791 245 2862 Antiq.
267 2810 293 2844 v.
315 2794 359 2849 10.
375 2793 469 2844 radios
484 2802 512 2844 et
527 2794 647 2857 Merula,
692 2791 822 2861 idemque
843 2791 918 2862 quod
941 2808 975 2843 ex
996 2792 1097 2850 Annal.
1118 2793 1191 2845 xvi.

153 2877 224 2928 libro
244 2880 342 2944 tertio,
369 2878 444 2946 quod
460 2879 560 2946 probat
580 2882 650 2931 Bur·
693 2878 836 2948 profertur
855 2897 871 2930 a
885 2876 1011 2930 Macrob.
1031 2878 1090 2930 Sat.
1105 2879 1149 2930 ut.
1164 2870 1189 2929 4.

152 2979 250 3014 mann.»
271 2962 306 3012 ad
328 2963 407 3016 Ovid.
422 2964 516 3017 Amor.
530 2965 552 3014 I.
569 2954 617 3014 14!
623 2963 650 3017 7.
708 2962 779 3016 ·25.
818 2965 1024 3035 Tappetsm.
1068 2964 1190 3014 Festus:
1225 2968 1228 2973 '

49 3064 53 3073 ·
152 3048 324 3116 quitameu:
341 3047 651 3114 „Locusdocet,‘male
696 3051 768 3118 Tap
775 3061 863 3120 peta
884 3068 927 3100 cx
953 3065 1061 3119 graeco
1080 3049 1189 3110 sumsit,

152 3134 247 3184 radios
276 3133 375 3184 deduci
402 3133 456 3185 dici
478 3135 547 3202 filo,
587 3141 651 3207 cum
693 3146 869 3206 tappetem
883 3134 1190 3198 Ennius,cumois.Ta·

153 3227 252 3270 contra
265 3217 311 3270 fila
328 3219 372 3270 vel
382 3219 491 3271 'vellera
505 3217 590 3270 radiis
604 3217 649 3269 vel
686 3233 782 3292 petum
793 3223 892 3272 neutro
909 3234 1022 3289 genere,
1037 3216 1083 3270 vel
1097 3229 1187 3291 tapes,

151 3319 202 3371 per
219 3294 312 3355 radios
327 3303 542 3369 deducebantur,
564 3320 648 3374 quare
691 3306 793 3376 tapetis
814 3305 928 3357 mascul.
947 3303 992 3354 vel
1007 3315 1107 3374 tapete,
1127 3305 1187 3369 etis,

149 3387 649 3458 legerim:Deducunthcbilesradio,
690 3380 1188 3458 neutr.aGraecoruinaqroirrtffitag-

124 3464 126 3469 ’
143 3472 384 3543 filogracilentof‘
405 3473 471 3526 Vide
486 3484 514 3526 et
525 3474 650 3526 Brouck-
691 3492 756 3527 men
771 3481 812 3526 est
824 3474 967 3546 ingeniose
982 3474 1092 3543 pictum
1104 3475 1187 3527 variis

148 3556 210 3610 hus.
226 3558 261 3609 ad
276 3561 402 3627 Propert.
419 3561 466 3616 IV.
482 3558 507 3611 3.
521 3559 563 3612 63.
689 3559 1115 3632 coloribus,quoequi‚mensae,
1129 3559 1187 3611 siva

191 3641 233 3695 ΞΒ.
271 3647 422 3695 Interea
441 3674 476 3684 -
497 3647 621 3697 occidi
628 3659 647 3697 t.
689 3644 848 3714 pavimenta
875 3654 1074 3698 sternerentur.
1096 3644 1185 3696 Plaut.

148 3728 222 3780 Oitat
251 3743 284 3778 en
315 3728 388 3780 libro
423 3729 473 3782 III.
498 3730 647 3782 Annalium
689 3727 1185 3800 Pseudolum.virg.Aen.1x.858.

43 3838 45 3847 v
82 3881 85 3887 ἱ
137 3808 241 3864 'Olera
265 3813 442 3883 Gisaniusin
455 3824 584 3867 notarum
601 3814 647 3866 ad·
688 3812 1185 3870 attumulati.Ovidmeaxass.

147 3898 266 3967 pendice
278 3897 315 3950 ad
326 3899 499 3967 Lucretium,
514 3916 567 3950 nec
582 3915 646 3951 vero
689 3897 748 3952 638.
766 3885 833 3955 Stat.
852 3902 911 3955 silv.
931 3904 963 3956 X.
980 3902 1038 3954 101.
1083 3942 1086 3947 .

149 3982 232 4049 dicit,
255 3985 327 4036 unde
343 3985 534 4054 fragmentum
547 3986 644 4036 hause-
703 3988 707 3992 '
731 3984 773 4038 26.
804 3991 998 4041 Ooelnm-
1012 4000 1139 4061 aptum.
1162 3988 1185 4039 Ε

148 4067 195 4127 rit.
225 4071 329 4124 Varao'r
349 4080 446 4124 tamen
456 4087 493 4123 ne
507 4073 543 4123 sit
557 4085 644 4124 unum
685 4069 759 4124 libro
772 4073 855 4126 tertio
867 4072 951 4127 Ennii
962 4072 1053 4127 adfert
1064 4073 1195 4126 Mantua-¹
