2544 4516
614 72 623 99 x
636 50 638 59 .

621 104 629 129 h

279 130 285 145 “
345 155 813 267 ιιιΝιιιιιιιιιιιι.
862 133 865 139 ’
1058 175 1101 242 es

164 398 174 418 .
228 364 242 414 ¹.
292 339 418 414 decem
436 340 604 435 coclites,
631 367 722 441 ques
733 321 908 415 montibu’
923 342 1070 416 summis

59 464 86 541 5
169 459 456 560 Ripaeissoders
506 514 516 534 .
568 517 577 535 .
631 516 639 533 .
816 520 825 538 .
878 517 887 536 .
940 448 1009 544 s.

166 681 543 773 AtRomemrshomo,
560 681 758 757 tamenetsi
771 707 829 754 res
841 682 934 758 bene
948 680 1103 786 gesta’st,

165 802 287 879 Corde
299 828 368 877 suo
382 800 547 904 trepidat,
570 802 707 877 delicto
717 802 854 877 Coclite
906 856 916 876 .
968 861 979 881 .
1031 859 1040 877 .
1089 865 1100 883 .

61 1221 153 1275 reret,
174 1205 219 1261 illi
236 1213 349 1270 tamen,
372 1209 430 1256 non
446 1202 544 1263 ,solum
570 1202 734 1274 damuante,
757 1203 806 1259 red
819 1211 850 1259 et
858 1215 1000 1277 epectante
1010 1216 1099 1279 patre,

55 1282 167 1365 ¹poenas
182 1292 257 1345 darrt.
279 1318 322 1333 -
342 1289 474 1342 Etruscos
490 1289 676 1361 Tarquinius,
704 1307 800 1361 quum·
815 1288 919 1365 trustra
933 1312 998 1348 auae
1011 1303 1103 1348 essent

59 1378 136 1450 apud
156 1380 300 1430 Romanos
318 1376 455 1440 technae,
486 1374 522 1426 ad
538 1374 647 1428 bellum
669 1374 779 1439 invitat.
819 1377 910 1431 Aruns
923 1380 1102 1455 Tarquinius,

52 1468 91 1517 ‘et
105 1465 139 1517 L.
152 1465 254 1516 Brutus
270 1461 374 1514 mutuis
386 1458 548 1512 vulneribus
563 1460 704 1514 caduutiu
715 1477 881 1533 congressu3
898 1465 1022 1518 Valerius
1030 1468 1101 1519 Con·

60 1549 104 1608 sul
119 1548 296 1618 triumphans
312 1546 345 1599 de
370 1544 494 1599 Etruscis
517 1546 638 1599 Romam
657 1546 739 1600 redit.
781 1549 951 1618 Tarquinius
968 1569 1019 1604 rex
1037 1568 1103 1605 cum

61 1635 117 1688 suit
138 1634 177 1686 ad
194 1630 310 1686 Lartem
330 1633 514 1698 Porsennam,
541 1631 688 1691 Clusinum
710 1649 807 1702 regem
825 1633 948 1704 fugiunt.
997 1637 1024 1687 Is
1038 1653 1103 1689 oum

61 1721 165 1785 infesto
180 1718 303 1772 exercitu
316 1716 540 1781 Romamvenit,
570 1724 679 1771 armata
700 1726 728 1771 et
753 1716 878 1795 violenta
898 1737 988 1791 manu
1009 1721 1103 1797 pulsop

47 1788 236 1881 reducturus.
255 1803 420 1870 (CCXLVI.)
435 1802 529 1872 Quum
551 1803 605 1855 alia
628 1802 734 1870 muris,
756 1802 813 1856 alia
828 1804 924 1857 Tiberi
942 1806 1104 1859 viderentur

63 1907 121 1944 esse
137 1899 217 1955 tuta²
242 1905 312 1958 pons
327 1886 480 1939 sublicius
471 1896 525 1939 tter
539 1905 611 1957 pene
624 1889 673 1940 dat
684 1887 817 1942 hortibus
845 1890 980 1944 Eminet
970 1908 999 1942 ιιι
1012 1891 1104 1962 primu
1192 1879 1211 1937 ',

23 2010 25 2016 ·
63 1974 182 2047 periculi
196 1973 322 2044 procella
338 1973 424 2025 virtus
435 1970 547 2025 Horatn
558 1973 680 2026 Cochtrs
703 1964 750 2025 4.
768 1973 793 2026 5.
814 1975 945 2028 Fortis
919 1976 972 2028 vrri
983 1977 1103 2031 maiorer

62 2062 108 2115 hic
125 2059 273 2114 recensisse
288 2058 400 2112 videtur
416 2066 514 2141 poeta,
536 2068 564 2110 et
579 2058 684 2124 dixisse,
713 2059 864 2113 Horatium
883 2061 1023 2133 originem
1044 2071 1103 2115 tra·
1175 2087 1177 2092 ·

63 2147 134 2200 risse
150 2163 167 2198 a
182 2146 281 2198 decem
295 2143 450 2212 coelitibus,
472 2143 520 2214 qui
536 2142 566 2209 in
579 2142 721 2197 montibus
733 2142 865 2213 Riphaeis
881 2145 997 2199 metalla
1017 2146 1103 2200 fodis-

62 2241 131 2286 sent.
156 2260 194 2271 -
217 2232 291 2326 Turpi
304 2226 410 2300 pergit:
432 2227 565 2281 Horatius
586 2222 771 2298 trepidantes,
802 2215 928 2282 Ianiculo
948 2240 1053 2306 capto,
1075 2241 1104 2286 et

61 2316 236 2371 incubante
226 2333 292 2385 rpsrs
317 2313 394 2367 urbis
409 2312 536 2381 faucibus
548 2313 653 2384 hostes,
675 2315 816 2375 Romanos
836 2316 1035 2386 reprehensat,
1057 2316 1104 2370 fu·

26 2430 29 2435 ⁴
62 2403 222 2474 gientibus
215 2401 339 2468 obstitit,
361 2408 475 2466 mouet,
496 2406 611 2468 pontem
625 2398 872 2469 interrumperent.
898 2402 1002 2471 Ipse'
993 2420 1023 2455 ιιι
1028 2401 1104 2475 pri·
1147 2404 1150 2412 “

62 2506 141 2542 mum
155 2503 213 2540 erus
221 2485 327 2540 aditum
342 2483 426 2537 vadit.
460 2483 656 2547 coniiciuntur
668 2483 814 2556 undique'
805 2501 836 2538 m
849 2487 999 2541 Horatium
1013 2504 1103 2542 uuum

62 2572 98 2626 ab
112 2573 244 2627 omnibus
256 2570 381 2623 hostibus
394 2569 461 2621 tela.
504 2570 623 2622 Interim
640 2586 713 2639 pone
737 2584 804 2633 eum
824 2589 895 2641 pons
915 2571 1103 2649 abrumpitur,

62 2660 108 2713 via
123 2640 250 2712 hostibus
272 2655 308 2708 ad
330 2655 430 2708 urbem
451 2654 653 2725 praecluditur.
704 2654 730 2710 6.
761 2659 898 2727 Romani,
927 2678 1053 2735 quamtis
1072 2662 1105 2713 in

59 2747 148 2817 primo
162 2744 237 2795 lroc'
226 2756 329 2813 impetu
342 2759 399 2794 rem
416 2740 483 2794 bene
490 2741 670 2814 feliciterque
682 2756 837 2812 gesserant,
850 2757 942 2797 tamen
957 2746 1039 2797 corde
1056 2763 1104 2820 tuo
1159 2794 1163 2803 ,

62 2830 214 2902 trepidant,
237 2847 318 2900 quum
331 2827 456 2887 viderent
470 2829 618 2879 Horatium
631 2827 721 2887 solum,
733 2826 819 2879 derel
798 2829 901 2894 lictum,
925 2838 953 2881 et
965 2816 1104 2900 impeturn

62 2914 194 2968 hostilem
206 2913 254 2965 vix
268 2913 403 2966 sustinere
417 2927 506 2982 posse.
549 2913 575 2965 Is
591 2912 704 2966 tandem
719 2912 803 2966 rebus
818 2914 859 2969 sio
870 2914 957 2984 falsie,
977 2924 1104 2991 armatut

65 3155 208 3223 Gnatisp.
223 3153 285 3204 tuis.
315 3151 421 3215 Parce,
445 3149 499 3215 ait,
522 3160 564 3201 est
646 3149 672 3202 6.
694 3150 734 3203 As
755 3153 1104 3206 Romanualromo—
1135 3175 1137 3181 ’

63 3235 566 3310 secundumontiquoa,serva‚utapud
607 3236 758 3289 Coclite.
781 3238 1102 3292 Glossar.ForneriiMS.
1181 3232 1186 3243 ’
1249 3233 1252 3241 ’

63 3326 202 3378 Lucilium
216 3337 244 3375 et
268 3323 390 3390 Ennium
414 3322 564 3373 invenitur.
604 3310 870 3389 Ἅπολειφθεὶς,
894 3323 1026 3376 delictas:
1045 3323 1104 3375 En·

604 3409 668 3459 nius
683 3407 754 3460 libro
767 3410 864 3480 tertio:
887 3412 926 3461 At
942 3402 1020 3463 Rom.
1034 3408 1062 3462 lt.
1080 3422 1101 3464 t.

69 3500 72 3511 '
104 3491 132 3549 4.
154 3494 276 3546 decem
304 3492 466 3544 coclites.
492 3492 563 3542 Γαν-
604 3512 628 3545 r.
648 3493 672 3544 6.
695 3512 724 3564 g.
744 3507 787 3547 ert
812 3493 896 3546 Corde
909 3513 959 3546 suo
972 3496 1102 3566 trepidat,

63 3601 94 3634 ro
108 3582 140 3633 L.
156 3581 189 3632 L.
210 3578 292 3649 Apud
314 3578 449 3629 Enm'um:
472 3577 564 3628 decem
605 3579 708 3630 delicto
726 3579 832 3650 poplite
867 3579 998 3644 (Merula
1018 3580 1101 3651 legite

64 3668 141 3732 coel,
163 3682 230 3736 quor
244 3663 352 3715 montib.
371 3680 393 3715 s.
406 3650 470 3733 Hip.
479 3662 563 3733 fode·
607 3664 728 3730 Coclite.)
738 3693 774 3703 -
787 3664 872 3716 Cicer.
883 3664 916 3717 de
922 3675 992 3733 orat.
1000 3668 1048 3718 111.
1056 3659 1102 3717 42.

63 3773 101 3806 re
123 3751 167 3804 Ab
185 3749 261 3800 oculo
275 3749 378 3814 Cocles,
399 3748 564 3819 quantocies
604 3753 663 3801 Aut
688 3767 722 3800 ex
745 3762 803 3801 toto
818 3767 943 3820 partem,
973 3764 1004 3803 ut
1021 3768 1102 3823 quum

63 3840 173 3900 dictus,
188 3835 236 3904 qui
251 3853 335 3885 unum
352 3833 435 3885 habet
447 3833 562 3886 oculum
606 3852 689 3887 unam
704 3838 822 3887 turmam
837 3834 997 3905 Equitatum
1006 3834 1105 3906 populi

62 3925 106 3976 De
134 3919 286 3987 Arimaspis
313 3917 439 3971 unoculis
460 3916 494 3968 ad
512 3917 563 3970 Ri·
605 3922 725 3971 Romani
750 3923 883 3980 dicz'mus;
916 3933 967 3971 out
996 3933 1029 3975 ex
1040 3932 1101 3970 ἰιιιο

63 4008 168 4077 phaeos
189 4013 299 4056 montes
319 4002 418 4055 incolis
433 4002 496 4054 vide
509 4004 562 4056 Go-
600 4005 712 4077 plutes:
743 4011 782 4057 At
804 4010 882 4057 Rom.
906 4005 984 4055 homo
1004 4016 1025 4058 t
1039 4002 1100 4057 nb.

63 4094 201 4149 lumnam.
219 4094 290 4157 Ques
300 4089 388 4160 antiq.
398 4104 451 4158 pro
462 4089 518 4162 qui.
602 4109 631 4162 g.
649 4103 699 4159 est,
723 4092 810 4144 Corde
820 4107 870 4142 suo
886 4089 1018 4160 trepidat:
1075 4088 1078 4093 ’

895 4346 930 4377 χ,
