2544 4516
58 110 62 114 ’
141 102 182 239 53
287 104 293 128 “
397 172 422 229 ·.
481 98 896 238 „Q.uun11'.

32 406 35 411 ,
129 398 132 405 ,
194 347 211 409 ζ-
243 328 450 413 Brodinuut
462 324 608 418 famuli,
637 345 715 398 tum
731 318 885 397 candida
901 302 1036 397 lumina
1053 321 1181 397 lucent

244 518 247 527 .
420 524 423 531 ,
638 452 672 523 4
861 500 866 509 ν

241 552 320 625 Hac
337 571 450 625 noctu
464 547 721 652 filopendebit
737 547 880 649 Etruria
896 566 971 622 tota

560 710 564 733 =
643 679 678 750 Φ

40 810 43 821 ,
172 806 175 815 ,

142 905 265 970 signum,
287 886 610 959 flammamubrmientis
622 904 708 975 capiti
720 876 921 958 circuiniusam
943 899 1107 953 olim‘bo'na'
1121 915 1181 953 om-

140 988 187 1042 nia
201 988 339 1053 etfsusta
353 990 503 1058 addixists3
525 992 644 1064 erigeret
659 992 747 1064 igitur
759 1007 806 1059 se,
829 990 894 1043 deos
914 989 996 1041 duces
1009 996 1181 1057 sequeretur,

140 1083 253 1143 monet,
282 1084 310 1128 et
330 1078 413 1149 regni
434 1076 562 1147 promissi
583 1079 774 1150 gubernacula
795 1076 941 1145 acciperet·
984 1070 1182 1130 Tmnultuanti

140 1161 244 1231 populo
259 1163 408 1232 persuadet
425 1150 540 1231 deinde,
560 1180 604 1220 rer
625 1165 698 1236 regis
710 1164 776 1219 satis
796 1163 899 1230 aduae,
926 1161 1002 1216 Isaud
1025 1161 1199 1230 periculose,

73 1250 75 1257 ⁴
140 1247 321 1301 vulneratum
345 1247 381 1301 ad
406 1266 435 1303 se
456 1249 581 1316 rediisse,
612 1252 706 1305 iubare
727 1251 857 1316 interim,
885 1249 953 1303 dum
973 1256 1105 1312 sanatur,
1125 1248 1181 1301 Ser.

98 1336 104 1342 ’
141 1331 236 1386 Tullio
250 1333 325 1386 dicto
340 1335 542 1389 audientesset.
584 1339 714 1409 Egressus
724 1337 772 1390 ine
785 1340 851 1388 curn
863 1321 948 1405 regiis
959 1333 1123 1403 insignibus,
1138 1349 1182 1386 re-

141 1418 188 1490 gia
200 1418 264 1472 sede
277 1420 390 1486 sedens,
412 1420 468 1475 elia
483 1420 626 1493 decernit,
648 1424 683 1476 de
696 1420 757 1475 aliis
776 1438 873 1492 regem
887 1437 915 1474 se
933 1419 1130 1473 consulturum
1147 1419 1181 1471 si-

141 1504 241 1557 mulat.
284 1504 330 1557 Sic
341 1506 457 1561 tandem
468 1506 606 1577 praesidio
620 1511 703 1563 firmo
719 1508 858 1573 munitus,
879 1505 986 1577 primus
1003 1505 1113 1583 iniussu
1133 1521 1181 1575 po»

101 1593 105 1603 ’
141 1589 218 1659 puli,
240 1589 319 1643 cuius
333 1602 592 1662 postesconssnsus
606 1594 737 1662 abcessit,
757 1598 873 1650 Petrum
898 1590 1045 1644 voluntate
1071 1591 1182 1662 regnat,

106 1714 109 1719 .
141 1684 219 1741 tanta
231 1674 382 1745 industria,
401 1686 434 1731 ut
451 1693 573 1750 regnum
586 1680 650 1733 dolo
668 1689 795 1752 partum,
824 1679 941 1747 adeptus
953 1676 1014 1729 iura
1033 1675 1183 1729 videretur.

141 1761 212 1813 Anci
225 1760 307 1815 lilieri
321 1762 479 1817 exsulatum
493 1772 569 1817 eunt.
611 1767 734 1820 Firmato
748 1785 765 1820 a
779 1762 892 1832 Ser'vio,
909 1769 979 1816 artu
999 1768 1027 1815 et
1046 1761 1184 1833 industria

141 1846 320 1917 Tanaquilis,
341 1865 445 1918 regno,
466 1850 632 1918 Tarquinius
649 1852 800 1906 nunciatur
816 1859 951 1903 mortuus.
994 1849 1103 1916 Corpus
1116 1849 1181 1916 eius,

141 1931 439 2002 adparatisomnibus,
461 1943 489 1987 et
501 1934 608 1989 indicto
629 1955 681 2006 per
701 1953 870 2008 praeconem
890 1936 992 1988 funere
1015 1949 1050 1984 ex
1070 1933 1183 1986 aedibus

53 2071 57 2087 x
142 2012 265 2073 effertur.
311 2020 451 2072 Prodeant
459 2018 568 2086 jornali
581 2041 643 2075 cum
650 2024 775 2091 facibus,
797 2029 954 2090 sequuntur
965 2018 1127 2090 propinqui,
1140 2035 1182 2071 ra·

140 2102 284 2176 liquique;
313 2112 441 2176 caetera,
469 2122 540 2176 quae
567 2108 603 2160 ad
629 2107 772 2180 exsequias
791 2107 951 2177 pertinent,
980 2105 1079 2158 ordine
1103 2121 1182 2176 para·

141 2198 269 2261 guntur„
368 2215 371 2229 =
924 2214 928 2221 ·

227 2274 269 2327 19.
292 2276 399 2346 Quarto
415 2283 568 2346 pestanae
585 2278 691 2332 bellum
706 2277 803 2332 Servio
816 2286 911 2330 ortum
928 2276 962 2329 ab
977 2274 1113 2341 Etruscis,
1134 2274 1183 2344 qui

141 2360 314 2414 declinarant
328 2379 344 2414 a
356 2361 486 2428 foedere,
516 2364 591 2432 quod
615 2382 681 2418 cum
701 2362 854 2434 Tarquinio
873 2361 988 2415 icerant.
1011 2361 1181 2428 (CLXXIX.)

140 2446 256 2501 Initium
269 2447 435 2520 defectionis
453 2446 533 2501 inita
552 2449 725 2515 Veientibus3
744 2450 794 2502 hos
814 2456 968 2516 sequuntur
990 2445 1137 2499 Caeretani
1155 2454 1183 2499 et

141 2532 368 2601 Tarquinienses;
392 2541 519 2587 armatur
532 2543 673 2603 postremo
694 2534 822 2587 universa
840 2532 964 2603 Etruria.
1007 2533 1072 2585 Post
1094 2531 1183 2585 multa

141 2617 247 2687 proelia
259 2615 412 2670 dimicatur
421 2615 536 2669 tandem
549 2619 649 2670 ultimo
661 2620 830 2682 certamine,
855 2634 910 2688 quo
923 2625 982 2669 tota
1002 2616 1115 2670 Etruria
1133 2635 1181 2686 pe-

142 2702 293 2767 riclitante,
309 2705 486 2771 stpendente
494 2703 552 2770 filo
570 2703 668 2768 (Servii
682 2705 766 2756 verba
780 2712 852 2770 sunt,
875 2702 990 2754 allocuti
1004 2700 1181 2770 exercitum),

141 2786 288 2843 victoriam
300 2786 411 2841 Servius
434 2797 573 2856 reportat,
596 2789 686 2841 tribus
705 2787 842 2841 decoratis
858 2785 1023 2855 triumphis3
1044 2786 1181 2857 daturque

141 2882 209 2942 pax,
230 2870 314 2924 salvis
330 2872 483 2943 Tarquiniis
493 2873 707 2927 conditionibus.
737 2873 929 2942 (CLXXXVI.)
947 2875 1068 2927 Censurn
1082 2856 1180 2941 deinde

142 2958 252 3012 Servius
267 2955 403 3024 institnit,
426 2957 568 3011 civitatem
579 2960 609 3013 in
626 2960 726 3013 classes
740 2958 852 3023 dividit,
880 2968 908 3011 et
925 2958 1047 3027 primum
1061 2958 1180 3012 lustrum

128 3044 245 3106 ‚condit
288 3044 463 3111 simplificata
477 3045 547 3097 urhe
567 3044 742 3115 pomoerium
761 3045 879 3115 profert.
898 3045 1104 3112 (CLXXXVII.)
1126 3047 1179 3099 Re-

140 3132 239 3201 gnauti
264 3129 336 3181 XLV
348 3148 454 3184 annum
470 3148 570 3197 manue
592 3133 726 3186 violentas
748 3130 836 3184 insert
846 3131 1017 3201 Tarquinius
1030 3128 1179 3198 Superbus,

141 3233 228 3286 gener
242 3214 310 3283 eius,
331 3217 384 3296 ‘1¹¹³'
394 3233 513 3288 reguum
528 3216 844 3291 raperamaluit,quam
853 3225 1020 3286 exspectare.
1032 3207 1178 3298 (ccvm.)

155 3403 639 3459 .'18.Prodinunt-lucent.
681 3415 757 3459 tatur
778 3406 811 3458 L·
827 3407 861 3461 L.
880 3407 914 3458 V.
942 3404 1081 3460 adiacent.
1126 3406 1179 3460 Co·-

143 3490 258 3540 Festua:
273 3492 482 3556 Prodinunt,
493 3492 639 3561 prodeunt,
681 3509 787 3545 emersa.
843 3482 847 3490 ⁸

143 3587 175 3625 ut
188 3574 296 3626 Ennius
310 3562 640 3628 Annaliumlibrotertio:
726 3577 768 3628 19.
790 3576 866 3629 Hac
894 3588 1004 3629 noctu
1022 3603 1062 3616 --
1087 3589 1177 3629 toto.

143 3659 449 3731 Prodinuntfamuli,t.
467 3683 490 3716 c.
504 3663 522 3713 l.
538 3663 639 3715 lucent.
682 3661 923 3728 Macrob.sat.1‚
947 3657 973 3717 4.
997 3663 1192 3714 Animaduer·'

143 3745 189 3798 Sic
202 3745 286 3803 alibi:
308 3746 444 3814 redinunt,
466 3750 641 3801 redeunt.···-
682 3747 795 3802 tendum
817 3761 875 3814 est,
895 3747 935 3800 ait
949 3747 983 3798 de
997 3747 1103 3815 Ennio,
1126 3766 1179 3799 non

143 3832 272 3908 lucent
285 3828 386 3884 nonai
400 3832 507 3885 lumina
518 3835 641 3886 refertur
682 3836 777 3900 solum,
787 3835 860 3904 quod
875 3846 982 3885 noctu
1004 3831 1178 3885 concubia

142 3917 193 3971 sed
221 3917 256 3971 ad
286 3918 425 3986 famulos,
469 3919 517 3990 qui
546 3937 640 3972 cereos
683 3918 749 3985 (vid.
763 3921 835 3971 Ann.
851 3919 899 3971 lib.
912 3919 1002 3985 VII.),
1024 3920 1073 3970 sed
1096 3920 1198 3970 etiam·

144 4021 275 4058 ecoensos
314 4003 485 4074 deferentes,
534 4005 638 4071 lucent,
682 4008 752 4077 quod
766 4024 832 4077 qua
859 4007 1059 4059 noctudixit.
1084 4004 1178 4057 Ethoc

142 4090 198 4143 hoc
213 4144 216 4161 ,
229 4101 286 4160 est,
323 4098 356 4146 ut
386 4092 473 4144 Varro
500 4100 639 4163 ruterpre-
676 4094 771 4164 posuit
792 4094 822 4145 in
838 4091 987 4145 Annalium
998 4093 1129 4164 septimo,
1149 4092 1177 4142 e'n
1211 4124 1214 4133 ι
