2544 4516
126 171 174 247 ,ω
549 132 772 243 Ο.ΕΝΝΠ
846 182 893 239 ῃ
985 197 989 214 ·

133 346 184 415 40
235 335 509 437 Nequicquaru3
541 333 698 432 reliquae
714 333 816 407 carui
833 333 885 421 nil
905 357 959 411 est
977 336 1118 411 animai.
1137 348 1146 357 ““

63 524 66 537 .
288 540 293 548 ,
641 452 673 528 b
942 456 943 461 ¹

33 588 36 593 ’
74 653 76 656 y
137 648 163 657 Ι,
236 555 285 637 At
315 555 448 631 domus
468 555 620 630 interior
647 555 783 653 gemitu
803 555 1009 658 miseroque
1025 560 1198 632 tumultu..

640 682 673 748 <i

236 835 246 853 .
298 836 307 851 .
360 775 462 853 haud
483 799 706 881 permaneret
728 777 846 877 paries
865 785 1051 879 percussu'
1068 781 1183 857 trifaci

640 906 674 975 d

193 1002 197 1017 Ι
220 1008 224 1019 s

136 1132 184 1201 ris,
200 1138 325 1184 servatae
339 1128 459 1182 odiosius
471 1128 680 1181 consuetudinis
692 1143 795 1199 poenas
809 1125 872 1179 Diis
884 1127 1006 1181 solvisse.
1028 1126 1073 1182 41.
1084 1131 1185 1184 Atem·

136 1217 317 1288 plisdeorum
337 1224 366 1266 et
389 1215 474 1266 sacris
498 1215 591 1266 Albae*
606 1214 675 1269 locis
700 1220 897 1282 temperatum.
941 1216 1067 1291 Reliqua
1085 1229 1113 1267 et
1134 1234 1184 1285 pu·

138 1303 212 1354 blica
235 1315 261 1352 et
278 1301 390 1370 priuata
407 1300 577 1366 complentur
590 1301 802 1366 magnogemitu
819 1299 974 1368 miseroque
989 1300 1125 1355 tumultu.¹
1140 1308 1185 1343 ·“-““-

97 1429 105 1440 .
136 1386 259 1457 Populus
273 1385 394 1441 Albanus
414 1401 481 1437 cum
502 1383 600 1452 opibus
618 1385 699 1459 ¹urbis'
719 1383 889 1437 transfertur
905 1386 1035 1438 Romam.
1079 1386 1185 1440 Civitas

138 1472 220 1525 datur
233 1470 326 1539 plebi,
350 1478 378 1521 et
393 1469 502 1522 Coelius
515 1469 595 1525 collis
607 1468 642 1522 ad
654 1468 839 1522 habitandum
862 1468 1030 1540 adsignatus.
1073 1473 1185 1526 Primo·
1207 1467 1216 1527 '.

137 1557 226 1610 resin
243 1554 492 1630 patresleguntur.
508 1540 512 1556 ¹
535 1555 580 1606 Ita
596 1555 804 1624 consanguinea
823 1553 890 1605 urbs
910 1570 967 1605 nou
988 1554 1115 1624 periisse,
1136 1556 1186 1611 sed

137 1643 167 1695 in
187 1659 269 1693 suum
283 1639 362 1710 quasi
378 1656 479 1710 corpus
490 1639 604 1692 rediisse
619 1640 685 1693 visa.
729 1641 775 1692 Sic
787 1639 879 1697 ‚eraut
890 1640 1076 1694 Romarllbae
1087 1642 1186 1694 ruinis.

137 1731 199 1781 Hac
214 1725 318 1778 fiducia
334 1724 433 1778 Tullus
440 1724 547 1776 Sabinis
558 1725 667 1776 bellum
678 1724 786 1776 indicit.
831 1723 978 1794 Utrimque
994 1735 1074 1799 erent
1090 1728 1187 1780 minae

137 1813 245 1876 factae,
268 1817 298 1861 et
308 1825 352 1862 res
365 1808 554 1879 nequicquam
565 1811 709 1881 repetitae.
752 1809 865 1864 Bellum
880 1810 915 1861 ab
928 1811 1054 1881 utrisque
1075 1830 1186 1866 summa

43 1915 46 1927 ·
138 1914 192 1966 ope
208 1903 352 1966 paratum,
374 1911 470 1964 pugna
484 1902 564 1946 atrox
577 1895 614 1949 ad
629 1895 728 1947 silvam
743 1894 910 1947 Malicusam
926 1896 996 1963 fuit3
1018 1897 1121 1950 devicti
1136 1899 1187 1950 Sa-

11 1985 15 1994 '
72 1991 76 2010 ¹
138 1982 205 2035 bini.
249 1979 357 2046 Tullus,
379 1996 467 2048 quum
480 1990 632 2049 regnasset,
655 1997 760 2050 magna
774 1978 842 2031 belli
853 1979 954 2050 gloria,
976 1998 1063 2069 cmpos
1073 1984 1185 2050 XXXII,

138 2065 265 2119 fulminis
277 2065 353 2131 ictu,
379 2081 445 2116 cum
462 2066 540 2134 regia
555 2081 644 2118 uxore
659 2075 687 2118 et
702 2073 760 2116 tota
780 2065 887 2117 familia
908 2066 1097 2138 conflagrasse
1116 2069 1185 2120 dici-

36 2180 38 2185 ·
138 2161 194 2205 tur.
230 2149 380 2217 (Aliislnci
392 2149 496 2204 Marcii
507 2150 613 2202 insidiis
626 2151 793 2203 exstinctum
807 2150 954 2218 scribunt.)

224 2266 267 2324 42.
290 2249 406 2323 Mortdo
428 2269 513 2323 Tullo
534 2271 627 2322 Ancus
648 2256 773 2322 Marcius
787 2285 835 2322 rex
848 2271 981 2324 succedit.
1005 2272 1121 2340 (CXIV.)
1137 2250 1186 2327 ¹Eo

139 2358 185 2411 vix
200 2374 320 2428 regnum
335 2372 414 2422 orso,
436 2355 545 2424 Latini,
566 2363 648 2424 rupto
660 2355 788 2421 foedere,
806 2355 1001 2409 'incursionem
1022 2352 1186 2427 faciuntiu

139 2461 241 2514 ugrum
254 2443 423 2496 Romanum.
445 2441 579 2508 (CXVII.)
602 2442 679 2510 Rex,
704 2438 838 2510 proditis,
859 2459 933 2512 quae
945 2442 1049 2510 posteri
1062 2443 1092 2496 in
1107 2442 1188 2496 omni

138 2528 213 2583 bello
228 2534 385 2592 servarent,
408 2525 598 2594 caerimoniis,
620 2541 670 2594 per
683 2524 796 2578 feciales
810 2543 855 2579 res
870 2527 987 2597 repetit;
1009 2530 1128 2598 superbe
1141 2545 1186 2582 re·

139 2610 338 2681 spondentibus
353 2608 460 2661 bellum
481 2609 627 2666 indictum.
671 2610 855 2679 Politorium,
885 2613 952 2664 urbs
964 2613 1141 2682 Latinorum,
1157 2614 1186 2669 vi

140 2697 269 2766 capitur5
292 2705 321 2746 et
335 2694 421 2764 paulo
435 2703 498 2762 post
516 2693 631 2763 Latinis,
654 2712 724 2763 quae
740 2705 947 2765 recuperarent,
969 2697 1074 2753 iterum
1089 2709 1188 2771 erepta

142 2782 276 2849 diruitur,
298 2778 480 2832 multitudine
493 2778 571 2831 omni
586 2780 706 2832 Romam
720 2780 857 2836 traducta.
902 2782 1007 2834 Ceteris
1023 2785 1058 2838 ad
1073 2779 1198 2841 Medu-'

140 2868 208 2920 liam
219 2876 247 2918 et
260 2865 423 2918 Ficulneam
437 2864 496 2918 acie
510 2863 599 2930 victis,
621 2867 729 2929 Ancus,
752 2866 860 2935 ingenti
871 2867 976 2937 praeda
989 2871 1106 2939 potitus,
1129 2863 1186 2927 1102

142 2969 219 3004 mam
239 2950 321 3017 redit.
364 2949 438 3003 Hinc
460 2949 569 3003 bellurn
593 2950 667 3020 gerit
686 2968 751 3002 cum
767 2950 961 3019 Fidenatibus,
982 2953 1089 3008 Sabinis
1099 2962 1115 3022 ,¹
1131 2958 1185 3009 Ve-

141 3037 270 3104 ientibus,
291 3034 412 3103 Volscis,
436 3033 580 3088 etiterum
595 3052 662 3089 cum
677 3035 795 3090 Sabinis.
837 3037 879 3090 Ad
891 3039 1008 3109 publica
1019 3057 1104 3112 opera
1118 3058 1184 3094 cou-

142 3246 221 3299 quem
234 3245 343 3280 uersum
355 3226 425 3277 item·
435 3223 475 3278 od
487 3242 566 3276 auum
582 3243 644 3277 ear·
686 3225 772 3278 Ennii
788 3225 949 3297 fragmenta
958 3230 1117 3284 retulerunt
1130 3234 1185 3301 Co·
1200 3253 1206 3280 s

143 3333 204 3365 men
228 3313 373 3365 transtulit
396 3311 485 3363 Varro
504 3311 644 3363 Atacinus.
685 3310 785 3363 lumna
806 3321 836 3364 et
858 3306 987 3382 Merula,
1018 3316 1067 3387 qui
1089 3317 1183 3374 addit:
1223 3376 1227 3382 ,

184 3393 228 3449 41.
250 3403 297 3451 As
319 3399 440 3448 domus
454 3397 643 3447 -tumul·
687 3395 844 3466 „Intelligit
866 3398 936 3451 mihi
964 3402 1183 3473 Grammaticus,

143 3496 193 3536 su.
214 3482 314 3552 virgil.
332 3485 398 3547 Aen.
412 3483 449 3533 II.
463 3475 525 3541 486.
546 3482 581 3533 Ae
596 3481 643 3532 do·
685 3481 819 3535 nonnulla
839 3482 880 3534 ibi
901 3485 1023 3556 Virgilii,
1037 3497 1082 3541 ,et
1103 3488 1184 3558 plura

104 3593 109 3613 .
146 3587 206 3619 mus
233 3570 347 3619 interior
370 3569 475 3636 gemitu
495 3568 661 3638 miseroque
686 3565 775 3631 forte,
808 3583 892 3635 quam
915 3579 1014 3638 poetae
1036 3589 1118 3625 austes
1132 3591 1182 3647 ego

130 3653 267 3704 ‘tumultu
289 3655 439 3718 Miscetur,
479 3654 645 3722 penitusque
688 3651 858 3717 adscribere,
887 3657 1055 3725 transcripta
1077 3676 1111 3710 ex
1127 3663 1187 3714 Eu.

145 3716 232 3790 'cavae
249 3738 430 3815 plangoribus
445 3738 526 3790 aedes
540 3739 646 3789 Foemi·
688 3736 752 3802 nio,
774 3736 824 3806 qui
839 3739 938 3792 Albam
952 3741 1028 3794 iussu
1036 3744 1118 3795 Tullo
1126 3748 1184 3815 H07

145 3826 206 3875 neis
225 3823 351 3882 ululant,·
368 3823 441 3892 serit
454 3841 541 3875 aurea
553 3824 645 3874 sidera
687 3821 762 3872 stilio
780 3823 914 3879 radicitus
937 3842 1063 3880 eversam
1083 3831 1184 3882 cecinit

146 3910 256 3960 clausor.
306 3907 346 3960 Ad
361 3925 445 3976 quern
463 3907 559 3959 locum
584 3908 645 3959 Ser·
686 3905 759 3959 libro
770 3909 917 3963 Annalium
927 3913 1079 3967 secundo.“

147 3995 222 4045 vius:
252 3998 294 4045 De
314 3993 646 4045 Αἰὸανιοεοεοιὶὶίοῑναηε4
729 3989 773 4044 42.
797 3995 1183 4066 haudpermacerct-

148 4073 645 4133 laturusloeus.1udevsrsum41.ad
688 4080 832 4150 trisaoi.
852 4085 965 4135 Festus:
985 4085 1087 4155 Trisax
1102 4088 1183 4140 telum
